2347 3153
1011 218 1086 254 2⁴7

110 324 296 357 aminarum
334 325 499 356 attencius
536 322 706 369 deputavit
738 327 967 369 statuensque.
998 334 1120 357 census
1150 322 1299 358 eiusdem
1329 323 1443 357 altaris
1473 334 1532 370 per
1562 334 1622 358 nos
1651 323 1800 370 prefatos
1830 325 1987 358 consules

107 388 141 418 et
163 384 296 428 ¹iuratos
324 393 365 417 ac
393 387 528 417 nostros
557 394 778 418 successores
807 384 946 429 singulis
976 387 1071 418 annis
1101 383 1332 431 distinctisque
1355 383 1574 431 temporibus,
1597 384 1756 418 videlicet
1776 389 1844 418 tres
1867 396 1979 419 marce

106 454 304 491 grossorum
343 449 375 478 et
413 446 544 478 numeri
582 444 808 490 predictorum
849 444 933 479 inl'ra
965 445 1219 491 quatuordecim
1259 445 1331 480 dies
1368 450 1443 492 post
1474 444 1593 479 festum
1624 457 1651 479 s.
1683 445 1822 491 Georgii
1852 451 1882 480 et
1915 451 1982 479 tres

107 515 223 541 marce
251 504 402 540 eiusdem
433 510 569 548 monete
599 510 630 539 et
662 508 791 540 numeri
822 509 912 540 circa
944 506 1064 541 festum
1094 518 1121 541 s.
1151 506 1327 541 Michaelis
1356 506 1509 541 similiter
1539 507 1580 541 de
1609 509 1758 553 pretorio
1781 511 1810 540 et
1833 507 1984 553 losungis

110 576 171 602 seu
206 565 517 601 contribucionibus
556 578 650 600 more
688 567 786 601 solito
825 568 1066 613 colligendum,
1105 570 1166 614 ipsi
1205 567 1341 602 domino
1377 567 1521 602 Johanni
1561 572 1594 601 et
1631 571 1700 602 suis
1728 568 1985 602 successoribus

106 626 295 674 capellanis
331 629 404 662 sine
433 626 628 662 difficultate
658 632 689 662 et
718 627 845 674 absque
874 628 1051 663 cuiuslibet
1080 631 1270 663 occasionis
1298 639 1357 663 seu
1379 632 1615 663 excusacionis
1636 629 1849 674 negligencia
1871 632 1987 676 porri—

111 692 233 734 gatur3
270 686 312 722 ad
349 687 439 734 quod
477 691 584 723 eciam
624 699 686 722 uos
724 694 755 722 et
794 693 928 724 nostros
958 700 1178 724 successores
1208 689 1445 735 obligavimus.
1476 695 1574 736 prout
1604 693 1634 724 in
1666 690 1770 724 literis
1800 693 1985 736 empcionis

111 759 172 784 seu
200 749 412 784 vendicionis
442 752 545 795 ipsius
583 760 705 784 census
743 749 962 795 originalibus
1001 750 1132 797 plenius
1170 754 1372 785 continetur.
1403 749 1514 786 Voluit
1547 755 1657 785 tamen
1688 751 1794 786 dictus
1825 750 1984 786 Nicotaus

112 809 155 845 de
183 808 373 856 Sternberg
401 810 595 857 specialiter
624 814 656 844 et
684 813 837 849 iniunxit,
870 811 957 857 quod
979 811 1065 845 idem
1087 811 1241 845 dominus
1262 810 1434 845 Jobannes
1455 816 1487 846 et
1510 814 1560 846 sui
1581 823 1801 846 successores
1822 812 1985 858 capellani

111 881 174 919 pro
202 873 305 918 ipsius
333 869 465 906 Nicolai
493 871 686 918 specialiter
715 876 745 906 et
775 872 907 906 demum
938 884 998 919 pro
1028 874 1176 906 omnium
1207 875 1471 919 prescriptorum
1511 876 1702 918 genitorum
1740 878 1773 907 et
1802 876 1985 907 amicorum

109 942 247 968 suorum
276 932 600 983 animarum'salute
629 932 727 966 deum
758 936 1021 979 omnipotentem
1052 933 1272 967 devotissime
1302 932 1393 968 boris
1419 937 1592 968 canonicis
1612 934 1737 979 vigiliis
1759 939 1789 968 et
1812 937 1987 968 missarum

113 992 233 1028 officiis
270 1004 331 1040 per
368 1004 428 1027 eos
465 992 678 1027 celebrandis
715 993 850 1028 cottidie
887 994 1122 1041 deprecentur,
1163 994 1335 1028 dumtaxat
1372 994 1516 1028 bumane
1556 995 1746 1040 fragilitatis
1775 994 1984 1029 obstaculum

111 1056 205 1102 ipsos
232 1064 300 1089 non
329 1054 542 1100 impediverit
572 1058 605 1088 et
633 1054 720 1100 quod
751 1056 896 1100 ipsarum
928 1057 1103 1089 missarum
1135 1060 1166 1088 et
1198 1054 1356 1089 borarum
1387 1055 1496 1089 osticia
1527 1055 1638 1090 debito
1674 1061 1825 1102 tempore
1855 1061 1883 1089 et
1916 1059 1987 1090 sine

112 1117 234 1162 quovis
262 1114 449 1161 preludicio
478 1114 624 1149 ecclesie
653 1120 684 1148 et
714 1115 845 1161 plebani
876 1115 996 1150 ibidem
1037 1118 1226 1159 existentis,
1256 1121 1352 1162 prout
1384 1119 1485 1150 moris
1515 1121 1577 1159 est,
1609 1122 1786 1151 teneantur
1815 1122 1986 1162 totumque

113 1175 234 1224 prefati
276 1175 392 1210 altaris
434 1176 642 1210 offertorium
685 1175 828 1222 plebano
871 1176 996 1210 cedere
1035 1176 1157 1210 debeat
1195 1181 1225 1211 et
1265 1188 1332 1212 non
1371 1177 1564 1224 capellanis.
1610 1178 1806 1212 Adminnxit
1851 1189 1984 1224 quoqne

112 1236 294 1285 specialem
324 1235 410 1271 hanc
439 1236 685 1278 condicionem,
716 1237 802 1282 quod
834 1237 920 1270 idem
965 1237 1158 1283 capellanus
1187 1242 1219 1272 et
1248 1240 1297 1271 sui
1327 1249 1547 1273 successores
1576 1239 1740 1285 capellani
1771 1238 1925 1273 omnibus
1955 1243 1983 1271 et

112 1297 256 1345 singulis
293 1300 490 1344 septimanis
531 1298 570 1332 ud
611 1297 824 1332 officiandum
865 1302 932 1332 tres
972 1301 1090 1332 missas
1128 1303 1291 1345 perpetuo
1330 1304 1482 1346 tempore
1512 1303 1799 1345 constringantur.
1830 1300 1987 1334 videlicet

112 1370 210 1395 uuam
240 1370 302 1406 pro
339 1358 519 1394 defunctis.
549 1362 580 1393 in
619 1370 682 1404 qua
720 1359 882 1393 dictarum
922 1362 1106 1394 animarum
1137 1359 1270 1395 devotis
1300 1360 1493 1407 precatibus
1524 1366 1773 1395 memorentur:
1804 1360 1986 1394 secundam

113 1419 156 1456 de
190 1424 308 1456 sancto
345 1422 475 1467 spiritu,
513 1423 650 1455 terciam
683 1419 723 1454 de
753 1420 997 1466 gloriosissima
1029 1423 1163 1466 virgine
1193 1421 1246 1455 dei
1277 1426 1394 1461 matre„
1425 1427 1534 1455 tamen
1565 1421 1640 1455 dum
1672 1433 1709 1455 se
1741 1426 1870 1468 tempus
1900 1433 1988 1455 con-

112 1492 234 1529 gruum
262 1481 430 1524 obtuterit,
460 1486 493 1515 et
521 1492 621 1532 quum
653 1481 774 1516 festum
804 1482 976 1528 solempne
1007 1482 1101 1516 dictis
1131 1480 1252 1516 officiis
1282 1493 1346 1516 non
1369 1487 1568 1529 repungnat.
1601 1482 1717 1516 Dictus
1738 1487 1847 1516 tamen
1869 1482 1989 1528 capel-

114 1542 211 1578 lanus
248 1546 280 1577 et
315 1545 365 1577 sui
404 1553 626 1577 successores
664 1546 772 1577 eciam
811 1542 1065 1589 quibuscunque
1107 1542 1200 1576 sestis
1231 1542 1533 1577 intervenientibus
1563 1555 1628 1577 nno
1659 1543 1712 1578 die.
1743 1546 1773 1577 in
1804 1547 1988 1589 septimana

115 1605 224 1649 magis
259 1605 461 1649 congruenti
501 1602 663 1637 dictarum
701 1607 885 1638 animarum
926 1607 1120 1638 memoriam
1161 1614 1235 1637 cum
1275 1604 1400 1649 vigiliis
1439 1615 1562 1639 novem
1600 1605 1785 1639 leccionum
1816 1610 1844 1637 et
1877 1604 1989 1638 oslicio

114 1667 293 1700 missarum
332 1675 392 1711 pro
431 1663 598 1698 defunctis
634 1663 797 1699 devocius
831 1664 1059 1699 celebrabunt.
1107 1663 1214 1698 Debet
1245 1667 1351 1699 eciam
1382 1665 1467 1699 idem
1499 1666 1693 1712 capellanus
1723 1671 1752 1699 et
1784 1668 1832 1700 sui
1864 1669 1988 1711 posteri

113 1736 175 1773 pro
203 1724 341 1772 speciali
371 1724 530 1759 famulatu
561 1725 706 1759 ecclesie
745 1730 776 1759 et
806 1725 950 1772 plebano
981 1725 1101 1759 ibidem
1133 1725 1289 1759 faciendo
1318 1726 1459 1770 singulis
1489 1726 1606 1760 diebus
1637 1727 1767 1760 festivis
1797 1731 1826 1759 et
1859 1729 1989 1766 magnis

113 1785 350 1822 festivitatibus
388 1791 486 1834 prout
523 1786 577 1820 alii
613 1786 761 1821 altariste
791 1787 1069 1833 superpeliciatus
1109 1785 1228 1820 officiis
1266 1791 1297 1820 et
1337 1787 1611 1833 processionibus
1647 1791 1810 1821 interesse
1841 1792 1870 1820 et
1902 1787 1988 1832 qnod

112 1846 353 1900 ipsi‘plebano
389 1852 531 1894 protunc
570 1847 716 1881 ecclesie
754 1862 779 1882 s.
821 1847 972 1882 §lauricii
1008 1853 1038 1881 et
1069 1850 1136 1881 suis
1167 1850 1303 1881 vicariis
1333 1847 1484 1893 aliqualis
1514 1851 1620 1882 eciam
1652 1848 1705 1882 siet
1736 1848 1983 1882 consolacionis

114 1910 331 1952 instant-acio,
369 1907 430 1942 sibi
461 1907 604 1954 plebano
633 1909 774 1953 singulis
805 1912 899 1943 annis
929 1912 960 1943 in
991 1911 1226 1942 anniversario
1257 1912 1287 1941 ct
1318 1913 1440 1941 octava
1470 1911 1693 1942 anniversarii
1725 1908 1813 1943 dicto
1845 1908 1982 1942 Nicolao

113 1974 147 2005 et
174 1968 349 2005 aminabus
379 1972 573 2016 prescriptis
611 1970 806 2016 peragendo
837 1975 913 2003 octo
942 1973 1052 2008 grossi
1084 1981 1143 2015 pro
1173 1969 1344 2002 offertorio
1375 1973 1406 2002 et
1436 1972 1503 2003 suis
1534 1972 1669 2003 vicariis
1700 1969 1740 2003 dc
1771 1970 1894 2014 vigiliis
1924 1980 1984 2002 sex

112 2030 299 2067 leccionum
337 2040 400 2065 sex
438 2033 550 2075 grossi
589 2035 621 2064 et
659 2031 700 2064 de
739 2031 835 2077 pulsu
875 2031 994 2077 duplici
1037 2033 1065 2063 in
1108 2032 1342 2063 anniversario
1373 2035 1403 2063 et
1434 2035 1556 2063 octava
1587 2033 1814 2076 campanatori
1846 2034 1989 2075 ‹piatuor

111 2093 224 2138 grossi
262 2102 302 2125 ac
341 2093 475 2137 triginta
514 2091 759 2127 sacerdotibus,
800 2095 933 2132 triginta
975 2094 1093 2124 missas
1134 2093 1163 2123 in
1205 2094 1283 2136 ipsis
1323 2094 1477 2136 exequiis
1516 2094 1739 2125 anniversarii
1784 2090 1987 2137 peragendis·

111 2150 373 2193 celebrantibus,
413 2155 548 2197 triginta
587 2155 698 2197 grossi
737 2157 769 2186 et
811 2156 840 2186 in
880 2157 1000 2185 octava
1032 2152 1071 2185 de
1102 2156 1145 2184 tot
1178 2155 1288 2184 missis
1319 2154 1435 2185 iterum
1468 2155 1601 2195 triginta
1633 2164 1671 2184 ac.
1701 2152 1742 2184 de
1774 2152 1896 2192 vigiliis
1926 2162 1986 2184 sex

112 2212 301 2248 leccionum
339 2215 476 2247 vicariis
515 2224 575 2247 sex
615 2217 726 2257 grossi
764 2218 794 2247 et
835 2225 894 2259 pro
934 2213 1082 2246 candelis
1121 2224 1179 2245 seu
1221 2211 1399 2246 luminibus
1437 2212 1476 2245 nd
1513 2215 1674 2258 exequias
1705 2224 1763 2245 seu
1795 2212 1833 2245 ad
1867 2215 1985 2245 missus

114 2275 319 2309 necessariis
358 2272 534 2308 duodecim
573 2278 685 2318 grossi
725 2280 888 2321 perpetuo
927 2273 1122 2308 tribuantur.
1160 2285 1241 2318 quas
1280 2273 1412 2318 quidem
1443 2277 1602 2319 pecunias
1633 2276 1803 2319 premissis
1833 2275 1987 2318 exequiis

112 2339 147 2371 εἰ
180 2334 255 2370 aliis
291 2334 451 2381 predictis
489 2334 723 2370 observanciis
759 2340 789 2368 et
826 2334 1021 2369 diu-ionibus
1061 2340 1090 2367 ut
1129 2333 1347 2380 prescribitur
1386 2334 1632 2367 distribuendas
1672 2334 1880 2374 Augustinus
1910 2334 1985 2366 dicti

111 2393 243 2431 Nicolni
281 2396 323 2430 de
363 2395 552 2441 Sternberg
589 2396 685 2431 lilius.
724 2396 897 2431 johannes
932 2396 1067 2429 Statili-r
1097 2400 1148 2427 ant
1182 2398 1318 2428 vitricus
1348 2395 1493 2428 ecclesie
1523 2407 1548 2428 ει.
1580 2394 1743 2429 Mauricii.
1774 2394 1893 2440 ‹piibos
1924 2393 1986 2427 boe

111 2459 219 2504 ipsum
257 2456 494 2503 exequendum
533 2461 759 2492 committetur
797 2469 813 2490 a
855 2456 949 2491 nobis
984 2461 1014 2489 et
1052 2459 1174 2490 nostris
1204 2455 1459 2489 suceessorilms
1490 2460 1540 2488 aot
1573 2456 1644 2488 aliis
1674 2458 1776 2489 certis
1807 2454 1986 2488 heredibus

109 2526 214 2564 snper
240 2517 359 2564 quibus
389 2517 575 2552 manifestis
604 2519 734 2552 consilii
766 2518 868 2552 literis
898 2518 1109 2563 deputentur.
1142 2520 1301 2563 recipiant
1334 2517 1542 2562 fideliterque
1564 2516 1764 2550 distribuere
1787 2516 1987 2550 tenebuntur

108 2575 171 2613 §ub
199 2577 356 2625 prolapsu
387 2579 575 2625 corporalis
605 2590 691 2625 pene
720 2579 759 2613 ad
791 2578 854 2613 hoc
886 2590 944 2625 per
973 2578 1147 2612 consilium
1181 2578 1313 2613 vallate.
1341 2590 1379 2610 ac
1402 2577 1462 2611 sub
1484 2578 1679 2623 perdicione
1700 2589 1759 2611 suc
1782 2580 1984 2623 provisionis

109 2636 278 2673 ulterioris
318 2639 441 2673 nullum
481 2642 513 2673 in
552 2639 710 2686 predictis
747 2640 996 2685 negligenciam
1035 2642 1259 2673 commissuri.
1299 2639 1395 2672 salvo
1434 2642 1539 2671 eciam
1575 2640 1652 2682 jure
1691 2642 1884 2685 patronatus
1925 2650 1982 2671 seu

106 2698 185 2744 jure
222 2700 437 2745 presentandi
476 2700 516 2734 ad
554 2700 678 2735 dictum
719 2701 824 2734 altare
855 2705 885 2732 et
916 2701 1108 2733 collacioms
1138 2699 1300 2733 eiusdem,
1348 2698 1386 2733 tii
1418 2704 1490 2745 post
1523 2704 1662 2732 mortem
1693 2699 1769 2732 dicti
1803 2699 1981 2739 Augustini
