2347 3153
1279 240 1326 272 (it)

370 346 445 390 quid
476 348 712 379 incontrarimn
752 345 900 378 tacerent
939 356 997 377 seu
1038 345 1163 378 taceret
1194 344 1246 377 vel
1276 346 1448 389 premissis
1478 342 1631 376 munibus
1661 347 1693 375 et
1721 342 1861 387 singulis
1890 354 1956 376 non
1988 346 2145 388 parerent
2173 353 2231 376 seu

371 418 435 440 non
467 410 611 452 pareret.
642 417 702 439 nos
733 409 762 439 in
794 409 997 451 prepositum
1028 410 1057 438 et
1089 405 1277 449 singulares
1302 415 1465 450 personas
1495 403 1570 436 dicti
1594 402 1725 448 capituli
1758 405 1863 448 ipsum
1893 407 2166 449 representantes
2195 413 2236 436 ac

370 467 558 500 Conradum
590 465 776 500 Smerbeck
806 466 1015 511 supradictos
1036 470 1065 499 et
1088 476 1304 510 quoscunque
1326 464 1408 497 alios
1429 464 1549 497 dictam
1571 463 1748 496 ecclesiam
1770 467 1990 509 occupantem
2014 464 2054 497 ad
2076 467 2237 498 intrusum

374 528 427 561 vel
460 526 691 560 intrudendum
722 530 751 560 in
783 530 885 572 ipsam
916 538 977 559 nec
1008 537 1072 560 non
1104 529 1133 559 in
1155 537 1271 559 omnes
1293 530 1322 558 et
1346 525 1507 569 singulos.
1530 527 1583 568 qui
1609 523 1840 557 inobedientes
1860 521 2074 569 negligentes
2094 523 2241 558 rebelles

373 593 401 620 et
433 586 614 632 culpabiles
644 586 752 620 forent
783 598 840 620 seu
872 587 957 620 foret
988 589 1017 620 in
1049 589 1231 632 premissis.
1271 590 1325 619 aut
1357 588 1387 618 in
1417 585 1526 629 aliquo
1568 587 1806 629 premissorum
1837 584 2057 630 impedientes
2085 589 2141 618 aut
2170 587 2238 619 im-

375 649 561 694 pedientem
602 653 689 693 ipsas
727 647 927 681 abbatissam
971 652 1001 680 et
1046 651 1247 680 conventum
1285 651 1337 679 aut
1377 656 1491 678 earum
1532 649 1785 691 procuratorem
1826 656 1884 678 seu
1921 645 2082 679 sindicum
2121 645 2238 679 dantes

372 710 530 743 auxilium
570 709 743 742 consilium
783 709 835 741 vcl
872 709 1021 741 savorem
1064 707 1191 752 publice
1228 707 1281 739 vel
1312 706 1453 747 occulti:
1494 705 1642 751 predicta
1681 705 1869 750 quindecim
1912 705 2039 739 dierum
2075 708 2237 739 canonica

372 773 560 803 municione
591 772 751 815 premissa
782 772 978 801 auctoritate
1010 779 1071 812 qua
1092 779 1191 812 supra
1223 768 1391 811 fungimur
1421 769 1450 799 in
1481 766 1631 811 singulos
1662 769 1829 812 inscriptis
1858 768 2237 809 excommunicacionis,

374 835 403 864 in
434 831 610 876 capitulum
650 841 733 863 vcro
769 832 1000 874 suspensionis
1038 833 1069 861 et
1100 831 1129 861 in
1161 832 1248 873 ipsas
1279 831 1382 861 sancti
1414 826 1500 861 Petri
1538 832 1569 861 et
1598 830 1702 861 sancti
1732 826 1849 861 Jacobi
1880 827 2048 873 predictas
2076 827 2239 862 ecclesias

374 891 536 924 interdicti
567 894 756 924 sentencias
787 894 816 923 in
846 893 977 935 scriptis
1008 889 1138 922 tulimus
1168 894 1198 922 ct
1221 888 1506 934 promulgavimus
1527 887 1724 933 quibusdam
1746 887 1973 933 subdelegatis
2002 891 2125 922 nostris
2145 891 2239 922 vices

375 957 506 985 nostras
536 963 637 997 super
666 951 727 984 hiis
763 954 1019 984 committentes.
1059 960 1232 994 quousque
1264 949 1335 982 illas
1364 949 1471 983 adhoc
1501 960 1714 987 revocemus,
1746 953 1920 982 reservata
1950 948 2046 984 nobis
2075 953 2239 995 potestate

375 1012 575 1058 procedendi
607 1012 818 1045 nihilominus
858 1014 886 1044 in
927 1013 1108 1055 premissis.
1168 1009 1263 1051 Quod
1300 1013 1325 1043 si
1357 1009 1442 1043 sorte
1479 1013 1641 1055 premissa
1680 1012 1790 1043 omnia
1820 1014 1851 1043 et
1880 1010 2023 1055 singula,
2053 1014 2152 1056 prout
2180 1020 2240 1056 per

374 1085 434 1106 nos
465 1076 544 1118 ipsis
573 1084 671 1118 supra
703 1071 930 1105 mandabatur.
971 1082 1034 1104 non
1074 1071 1223 1104 facerent
1260 1070 1313 1103 vel
1345 1082 1408 1104 non
1448 1070 1668 1116 adimplerent
1696 1082 1761 1105 non
1793 1070 1921 1105 faceret
1948 1071 2002 1105 vel
2032 1081 2098 1106 non
2127 1070 2240 1104 adim-

375 1134 477 1179 pleret
509 1133 592 1166 infra
624 1136 796 1166 terminum
828 1135 875 1165 eis
905 1132 944 1165 ad
980 1132 1042 1165 hoc
1074 1132 1248 1177 prefixum,
1280 1142 1340 1164 nos
1371 1134 1512 1165 instante
1542 1136 1572 1164 et
1605 1135 1737 1177 petente
1768 1136 1987 1177 procuratore
2016 1131 2178 1166 dictarum
2200 1157 2236 1164 ..

373 1194 541 1227 abbatisse
571 1198 601 1226 et
631 1199 818 1227 conventus
857 1197 980 1226 extunc
1020 1192 1168 1238 prefatos
1199 1215 1206 1222 .
1239 1220 1245 1226 .
1278 1195 1482 1238 prepositum
1513 1197 1543 1225 et
1578 1192 1757 1238 capitulum
1787 1204 1826 1226 ac
1856 1193 2047 1237 singulares
2076 1202 2240 1239 personas

376 1266 480 1300 ipsum
512 1259 784 1300 representantcs
814 1265 851 1287 ac
882 1252 1072 1287 Conradum
1103 1252 1290 1286 Smerbeck
1321 1258 1350 1286 et
1383 1264 1617 1298 quemcunque
1652 1253 1750 1287 alium
1782 1256 1812 1286 in
1842 1253 1928 1287 dicta
1958 1253 2101 1287 ecclesia
2132 1256 2238 1287 sancti

375 1315 489 1349 .lacobi
522 1315 658 1348 forsitan
691 1318 847 1348 intrusum
879 1326 936 1347 seu
969 1314 1210 1348 intrudendum.
1242 1317 1438 1347 auctoritate
1467 1325 1530 1358 qua
1560 1325 1660 1363 supra
1701 1314 1739 1347 ad
1770 1313 1949 1348 videndum
1979 1318 2013 1348 et
2041 1314 2240 1348 audiendum

375 1390 411 1410 sc
441 1376 616 1410 declarari.
647 1377 750 1408 dictas
782 1387 883 1421 penas
913 1378 1066 1421 superius
1087 1375 1272 1420 descriptas
1294 1375 1449 1408 incidis-se
1478 1386 1516 1407 ac
1546 1375 1584 1407 ad
1617 1375 1865 1420 procedendum
1896 1379 1927 1408 et
1949 1371 2085 1420 procedi
2115 1374 2242 1409 viden—

375 1439 449 1470 dum
481 1442 593 1470 contra
633 1449 691 1469 eos
733 1437 771 1469 ad
812 1439 1096 1479 aggravat-ionem
1137 1435 1300 1469 dictorum
1342 1446 1558 1481 processuum
1598 1446 1672 1468 cum
1713 1438 1934 1469 invocacione
1972 1435 2084 1469 auxilii
2115 1435 2241 1470 brachii

379 1498 540 1531 secularis
571 1501 658 1530 iuxta
690 1498 849 1530 dictarum
872 1497 1041 1530 literarum
1063 1497 1321 1542 apostolicarum
1345 1496 1485 1530 soi-inam
1507 1500 1536 1529 ct
1560 1501 1710 1530 tenorem
1732 1496 1786 1530 vel
1816 1496 1855 1529 ad
1886 1496 2061 1530 dicendum
2091 1507 2240 1533 causam.

376 1563 401 1592 si
423 1570 520 1603 quam
553 1558 710 1591 haberent
734 1569 790 1590 seu
814 1557 963 1591 haberet.
986 1557 1194 1601 allegandum
1217 1568 1330 1590 coram
1361 1557 1468 1594 nobis*
1498 1568 1601 1602 quare
1624 1556 1654 1590 id
1676 1556 1744 1590 [ieri
1768 1568 1832 1590 uon
1862 1556 1999 1590 deberet
2020 1568 2058 1590 ac
2081 1557 2243 1591 mandatis

376 1624 405 1651 et
437 1618 678 1652 monii-ioniluis
709 1622 830 1651 nostris
861 1618 1017 1663 predictis
1048 1629 1166 1664 parcre
1197 1623 1225 1651 et
1256 1617 1395 1651 obedire
1418 1621 1551 1651 minime
1573 1621 1779 1651 tenerentur.
1811 1621 2036 1663 peremptorie
2065 1620 2243 1652 citavimus

375 1685 404 1712 et
436 1683 528 1712 citari
561 1679 754 1712 mandamus
793 1684 823 1712 et
864 1680 1002 1712 i'ecimus
1038 1679 1077 1711 ad
1117 1684 1244 1712 certum
1285 1682 1546 1724 peremptorium
1587 1681 1761 1712 terminum
1801 1682 2047 1724 compctentum
2087 1681 2116 1712 in
2146 1678 2242 1712 dictis

379 1743 499 1773 nostris
531 1739 742 1785 processibus
772 1745 1004 1785 expressatum
1043 1739 1163 1773 dictum
1207 1743 1346 1785 primum
1385 1743 1559 1773 terminum
1599 1744 1792 1784 sequentem
1834 1739 1989 1772 videlicet
2021 1739 2060 1772 ad
2092 1739 2179 1774 diem
2209 1744 2242 1773 et

379 1801 492 1833 horam
525 1801 606 1833 int'ra
638 1803 779 1845 scriptos
811 1805 902 1845 prout
936 1800 996 1833 hcc
1027 1805 1058 1833 et
1095 1801 1156 1833 alia
1189 1804 1218 1833 iu
1249 1800 1374 1834 eisdem
1406 1803 1528 1834 nostris
1560 1803 1745 1833 monitoriis
1775 1804 1807 1833 et
1835 1802 1996 1833 citatoriis
2027 1799 2242 1845 processibus

379 1862 522 1906 desuper
553 1861 646 1894 sactis
677 1866 705 1893 et
739 1865 767 1894 iu
800 1861 962 1906 publicam
995 1862 1133 1894 sormam
1166 1862 1309 1894 redactis
1340 1866 1522 1906 nostroque
1551 1861 1659 1905 sigillo
1700 1863 1830 1894 munitis
1862 1861 1990 1906 plenius
2020 1864 2241 1895 continentur.

379 1921 504 1962 Quibus
534 1922 664 1966 quidem
697 1926 879 1955 monitoriis
901 1927 929 1954 et
953 1925 1113 1955 citatoriis
1137 1922 1350 1967 processibus
1380 1926 1427 1955 sic
1459 1927 1489 1956 ut
1512 1925 1712 1968 premittitur
1732 1921 1876 1955 decretis
1898 1926 1930 1954 et
1958 1920 2068 1955 debite
2089 1924 2242 1956 executis

376 1988 405 2015 et
437 1983 532 2015 dictis
571 1986 719 2015 terminis
750 1983 870 2027 elapsis
909 1988 940 2015 et
978 1983 1111 2016 cl'lluxis
1161 1982 1390 2028 prelibatoque
1427 1986 1600 2016 citat-ionis
1637 1985 1778 2015 termino
1819 1982 2020 2015 adveniente
2057 1985 2242 2028 comparuit

377 2056 489 2077 eoram
523 2043 616 2076 uobis
648 2047 675 2076 in
702 2044 828 2086 judicio
857 2043 1028 2076 .lohannes
1064 2043 1203 2081 lusigast
1243 2048 1440 2089 procurator
1477 2048 1509 2076 et
1539 2046 1770 2089 procuratorio
1801 2045 1944 2080 nominc,
1975 2054 2041 2087 quo
2071 2054 2183 2088 supra,
2213 2047 2246 2076 et

380 2104 454 2137 dieti
487 2107 651 2137 monitorii
691 2109 720 2135 et
762 2108 901 2136 vitatorii
941 2116 1118 2149 processus
1155 2108 1372 2138 execucionis
1411 2104 1538 2150 publica
1579 2107 1795 2137 instrumenta
1836 2102 1983 2136 exhibuit
2016 2108 2049 2137 et
2077 2103 2245 2149 produxit,

381 2167 619 2209 monitorisque
658 2170 686 2196 et
724 2169 895 2197 citatorum
938 2166 1160 2210 pri-dietorum
1211 2169 1239 2198 iu
1279 2165 1404 2199 eisdem
1453 2169 1682 2198 contentorum
1723 2176 1786 2198 non
1827 2168 2097 2210 comparcncium
2137 2175 2246 2210 neque

379 2229 519 2258 termino
550 2225 734 2258 huiusmodi
772 2227 966 2258 satisfacere
996 2230 1199 2259 eui-aucium.
1231 2229 1472 2260 contumaciam
1504 2229 1672 2259 oet-nsaw!
1705 2229 1733 2257 et
1766 2228 1795 2258 iu
1827 2228 1972 2271 ipsorum
2003 2227 2245 2259 contumaciam

379 2289 570 2330 proposuit:
614 2286 698 2330 qnod
740 2287 810 2319 ticet
853 2287 999 2331 prelatos
1039 2298 1216 2331 processus
1255 2291 1366 2320 nostre
1405 2299 1443 2320 ac
1483 2289 1678 2320 monii-iouis
1717 2290 1745 2318 et
1786 2286 1937 2319 mandata
1968 2288 2185 2319 excrucionis
2214 2289 2244 2319 et

379 2350 549 2379 sentencie
579 2347 707 2390 aliaque
738 2351 890 2379 contenta
923 2351 951 2379 in
991 2348 1108 2380 eodem
1150 2348 1286 2392 prel'atis
1329 2348 1470 2381 dominis
1502 2375 1506 2380 .
1541 2375 1546 2380 .
1578 2350 1747 2392 preposito
1786 2351 1815 2379 ct
1847 2347 1990 2392 capitulo
2021 2357 2058 2379 uc
2088 2345 2245 2391 singula-

381 2407 467 2438 ribus·
499 2411 649 2451 personis
687 2419 789 2452 ipsum
829 2408 1132 2452 representantibus
1171 2413 1199 2440 et
1241 2409 1396 2441 t'ourado
1434 2407 1619 2441 Smerhech
1656 2411 1847 2453 occupatori
1900 2407 2009 2442 debite
2039 2410 2184 2441 intimata
2215 2411 2244 2440 et

381 2468 543 2499 uotilicatn
576 2470 739 2500 extiterint
773 2473 800 2499 et
833 2469 870 2500 :ul
903 2480 1016 2501 corum
1049 2472 1201 2502 noticiam
1233 2469 1431 2502 devenerint
1458 2479 1641 2512 corumque
1671 2471 1800 2513 copiam
1833 2467 2007 2501 habuerint
2035 2472 2068 2501 et
2096 2470 2244 2513 requisiti

382 2529 511 2560 tuerint.
545 2533 571 2559 ut
606 2532 850 2572 possessiouem
883 2530 967 2561 dicte
998 2529 1141 2561 ecclesie
1180 2533 1283 2562 sancti
1314 2528 1429 2561 .lacobi
1469 2529 1603 2562 liberam
1635 2540 1773 2561 iai-uam
1805 2533 1832 2561 ct
1872 2528 2061 2574 expeditam
2092 2527 2187 2562 dictis
2209 2555 2216 2561 .
2242 2555 2248 2561 .

381 2587 546 2619 :obleuisse
577 2592 604 2619 et
637 2594 814 2621 eoiixeiitui
847 2590 929 2621 nil'ra
962 2593 1135 2622 tei-minum
1168 2602 1196 2622 iu
1228 2590 1314 2622 dicto
1337 2594 1450 2622 nostro
1472 2601 1631 2634 processu
1667 2594 1856 2622 contentum
1879 2589 2083 2622 dimitterent
2112 2587 2247 2622 realiter

381 2653 407 2678 et
442 2661 512 2681 eum
544 2649 660 2681 ctl'cctu
702 2654 728 2678 et
768 2650 807 2681 ab
847 2661 947 2694 ipsius
985 2650 1127 2682 ecclesie
1167 2653 1393 2695 occupat-ioue
1432 2654 1463 2682 ct
1501 2649 1698 2682 detcnciouc
1738 2662 1774 2681 ac
1808 2650 1971 2682 l'ructuuni
2002 2648 2186 2682 reddituum
2217 2652 2249 2681 et

385 2714 603 2752 primatuum
645 2720 864 2753 percepcioni-
910 2711 990 2742 mt'ra
1032 2711 1172 2743 eundum
1218 2715 1392 2744 terminum
1436 2714 1618 2744 cessarent.
1664 2715 1755 2755 prout
1797 2710 1880 2743 idem
1919 2713 2116 2755 procurator
2143 2720 2246 2755 super
