2347 3153
1317 214 1390 249 148

426 321 511 366 apud
544 332 595 354 me
625 325 656 354 et
685 320 854 354 arbitrium
877 332 984 354 meum
1006 319 1205 366 dependeat.
1236 323 1308 365 post
1329 318 1452 351 obitum
1475 322 1582 351 autem
1606 329 1715 351 meum
1737 317 1776 350 ad
1797 316 1960 351 Joaunem
1983 316 2150 351 Grosman
2172 317 2285 350 fratris

424 384 486 414 mei
516 380 627 423 lilium,
658 392 765 426 eoque
794 381 949 414 defuncto
979 381 1018 414 ad
1049 383 1153 425 ipsius
1183 380 1321 413 Joanuis
1352 378 1516 411 Grosmau
1556 378 1711 419 heredes
1749 388 1880 412 necnon
1910 377 2093 412 eorundem
2124 377 2284 411 heredum

423 441 571 475 sobolem
602 453 645 475 ex
666 445 713 475 eis
734 447 786 475 aut
809 453 923 475 eorum
953 442 1057 474 altero
1088 445 1177 473 reeta
1210 441 1294 473 linea
1326 438 1584 473 descendentem
1615 438 1654 471 ad
1683 441 1852 472 seniorem
1882 438 2093 472 devolvatur.
2134 436 2278 482 Quiquid

422 501 569 535 Joannes
591 501 755 536 Grosmau
777 501 988 546 heredesque
1017 504 1118 546 ipsius
1148 505 1178 533 et
1209 499 1342 533 soboles
1370 498 1543 545 prelibata.
1575 499 1650 532 dum
1680 503 1711 532 et
1741 503 1914 544 postquam
1945 498 2145 532 antedictum
2171 498 2276 532 altare

423 562 520 595 modo
550 573 748 607 quoeunque
778 573 900 595 vacare
930 564 1111 605 contingat.
1143 571 1206 594 uon
1237 560 1343 593 solum
1375 560 1529 603 alienum.
1559 571 1676 593 verum
1706 562 1811 593 eciam
1843 570 1941 593 unum
1972 570 2015 592 ex
2044 559 2170 593 eisdem
2192 570 2275 605 pre-

423 622 496 656 fatis
527 622 704 656 heredibus
734 623 951 655 ecclesiastici
982 620 1131 654 beneficii
1162 631 1320 666 capacem
1351 625 1383 653 et
1411 624 1438 654 si
1469 620 1567 654 heres
1597 624 1623 654 is
1653 625 1830 666 acceptare
1850 619 2006 663 voluerit,
2028 622 2133 665 ipsum
2155 624 2278 654 extunc

423 683 581 716 heredem
612 688 641 715 et
672 683 792 716 nullum
823 683 963 716 alienum
994 683 1031 714 ad
1063 682 1092 714 id
1123 681 1185 714 loci
1215 681 1384 714 ordinario
1414 686 1609 727 presentare
1639 680 1901 715 confirmandum
1932 685 2086 726 poterunt
2117 684 2149 714 et
2169 680 2278 714 debe—

422 744 510 777 bunt.
543 743 669 784 Quibus
699 743 827 776 taudem
868 742 1045 776 heredibus
1087 745 1260 775 memorati
1295 741 1434 775 ,loannis
1469 741 1633 775 Grosman
1673 753 1711 774 ac
1741 741 1856 775 sobole
1887 744 2116 786 prenominata
2146 740 2186 774 ab
2216 740 2278 775 hac

422 804 493 837 luce
523 804 658 837 sublatis
688 809 717 836 et
748 802 985 836 decedentibus
1015 814 1076 836 nec
1107 803 1171 835 ullo
1201 805 1331 848 penitus
1351 805 1531 848 superstite
1551 806 1745 835 remanente
1767 806 1889 835 extunc
1910 801 1994 847 apud
2017 805 2279 848 circumspectos

423 868 512 897 viros
543 865 694 897 dominos
725 867 916 907 mag-istrum
938 866 1059 897 civium
1083 868 1111 895 et
1135 863 1343 896 consulatum
1374 866 1517 897 civitatis
1547 862 1780 896 olomucensis
1810 862 1960 908 predicte
1982 862 2144 896 eiusmodi
2165 862 2278 896 altaris

415 926 665 969 juspatronatus
695 924 790 957 debet
820 927 989 970 perpetuis
1019 935 1154 957 manere
1183 923 1398 969 temporibus.
1429 922 1520 964 Quos
1549 934 1666 957 omnes
1695 923 1734 956 ad
1766 923 1829 956 boc
1856 923 2081 968 principaliter
2102 922 2180 957 volo
2201 933 2277 956 esse

419 985 594 1021 obligatos.
627 997 666 1017 ue
697 988 800 1030 ipsum
831 985 934 1017 altare
964 987 1115 1029 cuiquam
1147 987 1206 1017 nisi
1237 984 1296 1017 sub
1329 984 1582 1017 condicionibus
1611 986 1765 1029 superius
1795 983 1917 1017 clarius
1947 988 2153 1029 expressatis
2183 994 2272 1018 con-

420 1046 536 1078 serant.
569 1044 618 1078 Ne
648 1049 751 1078 eeiaui
783 1048 940 1090 pecunias
971 1046 1077 1078 eidem
1107 1046 1201 1078 altari
1239 1049 1268 1078 iu
1308 1046 1418 1078 dotem
1457 1048 1644 1089 assignatas
1684 1056 1826 1089 unquam
1865 1044 2014 1078 heretico
2052 1055 2110 1078 seu
2147 1043 2272 1078 infideli

418 1105 637 1150 quovismodo
668 1106 815 1138 credant.
845 1105 902 1139 sed
934 1105 1112 1149 dilig-enter
1142 1106 1327 1149 invigilent.
1350 1111 1380 1139 ut
1408 1117 1528 1139 census
1558 1105 1744 1139 huiusmodi
1775 1117 1792 1138 a
1820 1104 1971 1139 fidelibus
1991 1116 2126 1151 semper
2146 1109 2275 1139 ematur

418 1165 606 1199 christianis
636 1169 717 1199 iutra
748 1169 909 1206 gremium
939 1170 1053 1199 sancte
1085 1170 1197 1199 matris
1228 1167 1371 1199 ecclesie
1401 1166 1631 1200 existentibus.
1681 1162 1775 1207 Quod
1817 1169 1843 1200 si
1883 1170 1991 1199 autem
2022 1177 2087 1211 quo
2116 1177 2276 1200 successu

418 1230 576 1272 temporis
610 1228 722 1261 xalore
753 1232 884 1260 monete
914 1230 944 1260 iu
975 1227 1090 1261 melius
1120 1232 1321 1261 commutato
1352 1231 1483 1273 triginta
1515 1239 1626 1261 marce
1656 1238 1777 1261 census
1807 1238 1866 1272 pro
1910 1230 2099 1272 quingentis
2139 1226 2274 1261 llorenis

418 1291 480 1320 emi
512 1298 575 1320 uon
606 1292 752 1333 possent.
783 1292 905 1320 extunc
927 1287 1048 1320 domini
1079 1290 1207 1333 patroni
1237 1300 1310 1321 cum
1333 1292 1414 1321 scitu
1436 1293 1467 1321 et
1487 1299 1652 1322 consensu
1675 1288 1822 1321 altariste
1843 1298 1902 1333 pro
1924 1293 2076 1332 tempore
2097 1290 2272 1322 existentis

416 1359 550 1393 operam
582 1345 867 1395 daregdebebunt.
897 1349 983 1393 quod
1014 1353 1165 1381 emantur
1195 1351 1325 1393 triginta
1349 1360 1460 1382 marce
1482 1353 1533 1382 aut
1557 1349 1598 1382 de
1619 1353 1750 1382 moneta
1772 1351 1936 1381 communi
1959 1353 2094 1390 tantum,
2116 1353 2272 1393 quantum

417 1412 548 1453 triginta
589 1413 709 1442 marcis
748 1413 778 1442 in
819 1410 933 1442 valore
977 1410 1252 1455 correspondeat.
1291 1414 1413 1443 extunc
1452 1410 1596 1443 altarista
1637 1409 1764 1442 dualnts
1805 1412 1917 1443 terciis
1959 1420 2018 1454 pro
2057 1409 2180 1443 salario
2210 1420 2271 1443 suo

417 1473 599 1503 reservatis
630 1473 765 1503 terciam
795 1470 834 1502 ad
865 1481 966 1503 onera
997 1481 1054 1503 seu
1085 1481 1187 1516 opera
1217 1473 1346 1515 pietatis
1377 1471 1539 1515 impendat
1571 1473 1808 1515 suprascripta.
1854 1471 2159 1515 Quoeienscuuquc
2189 1481 2272 1504 vero

416 1534 543 1563 censiti·
583 1531 768 1564 huiusmodi
808 1542 942 1564 censum
983 1534 1174 1567 reemeriut.
1213 1542 1340 1564 summa
1377 1532 1525 1576 capitatis
1561 1543 1695 1576 semper
1733 1536 1762 1564 iu
1803 1534 1950 1576 pretorio
1990 1530 2204 1565 Olomucensi
2233 1531 2273 1565 ad

415 1603 530 1624 manus
559 1592 765 1625 dominorum
797 1595 918 1625 civium
959 1597 1150 1637 reponatur.
1180 1596 1208 1624 et
1241 1597 1304 1625 tam
1335 1592 1387 1624 diu
1428 1596 1569 1626 mam-at.
1607 1603 1780 1636 quousque
1818 1592 1933 1625 similis
1971 1603 2092 1625 census
2132 1591 2274 1626 comode

417 1657 533 1697 poterit
566 1657 751 1699 eoinparari
782 1653 970 1687 observatis
999 1654 1151 1687 omnibus
1181 1653 1431 1687 coinlieionibus
1461 1658 1493 1685 et.
1521 1653 1675 1686 clausulis
1696 1664 1734 1684 ae
1755 1652 2036 1698 disposicionibus
2057 1655 2271 1698 supratactis.

416 1714 466 1747 Ad
499 1714 660 1759 prel'atum
692 1718 790 1755 igitur
819 1715 922 1748 altare
959 1720 988 1747 ut
1029 1718 1226 1760 premittitur
1264 1726 1322 1760 per
1361 1726 1411 1747 me
1450 1714 1617 1747 fundatum
1657 1718 1686 1745 et
1728 1712 1873 1746 dotatum
1906 1713 2133 1747 honorabilem
2166 1717 2272 1748 viruin

415 1775 579 1808 domiuum
612 1776 792 1819 Georgium
824 1777 933 1815 Ange!
964 1777 1003 1808 de
1033 1775 1176 1815 Muqlicz
1211 1775 1429 1821 presbiterum
1461 1775 1695 1808 Oloniucensis
1734 1773 1879 1807 diocesis
1922 1779 2076 1819 tauquam
2116 1775 2271 1809 idoneum

414 1840 442 1867 et
477 1835 714 1869 bein-uieritum
745 1841 776 1868 et
805 1839 943 1881 primum
981 1837 1065 1869 illius
1095 1837 1209 1869 altaris
1249 1839 1430 1869 ministrum
1462 1835 1522 1868 hiis
1552 1846 1690 1879 quorum
1723 1838 1857 1868 interest
1891 1834 1969 1868 duxi
2000 1835 2269 1880 presentandum.

415 1897 624 1940 Quapropter
655 1897 749 1930 iobis
780 1897 1061 1930 reveremlissimo
1092 1900 1122 1930 in
1154 1897 1285 1930 t‘hristo
1316 1901 1396 1941 patri
1428 1901 1456 1928 et
1488 1897 1620 1929 ‹lomino
1651 1895 1783 1929 douiiuo
1807 1923 1812 1928 .
1837 1923 1842 1927 .
1875 1898 2034 1941 episcopo
2056 1896 2271 1930 Olomucensi

413 1961 463 1988 aut
497 1959 596 2001 ipsius
626 1958 770 1990 eet-leste
801 1958 1033 1990 (Jlomueensis
1064 1961 1093 1991 iu
1123 1957 1348 2002 spiritualibus
1369 1962 1397 1989 et
1421 1957 1656 2003 temporalibus
1677 1957 1875 1990 ot'tieialibus
1899 1962 1926 1989 et
1951 1956 2274 1991 administratoribus

415 2017 579 2050 humiliter
609 2030 646 2050 ae.
683 2018 789 2051 debita
829 2030 901 2051 cuin
943 2022 1138 2051 reveri-uria
1177 2022 1206 2051 in
1246 2019 1378 2051 domiuo
1416 2018 1576 2063 supplico.
1613 2021 1764 2062 qiiatiuus
1803 2019 1914 2050 divine
1958 2017 2192 2051 retribucionis
2231 2016 2273 2051 ob

417 2082 604 2122 resp-*etum
646 2079 806 2123 prelatum
838 2080 940 2112 altare
979 2091 1098 2112 novam
1132 2079 1362 2112 tundat-ionem
1401 2082 1610 2112 ereccionein
1641 2079 1919 2123 dotacioneiuque
1950 2082 2052 2124 ipsius
2081 2078 2274 2124 litterasque

415 2144 588 2182 presentes
620 2143 648 2172 in
679 2139 829 2172 oiiiuibus
859 2143 926 2172 suis
957 2141 1110 2172 clausulis
1140 2143 1318 2173 sentenciis
1349 2145 1376 2171 et
1409 2140 1553 2172 articulis
1593 2144 1694 2172 ratam
1731 2139 1890 2172 hahentes
1920 2144 1951 2171 et
1982 2138 2206 2185 approbantes
2237 2142 2266 2172 in

414 2197 606 2232 benetieium
638 2200 900 2233 eeclesiasticam
932 2204 1065 2238 erte-ere
1095 2201 1271 2245 dotemque
1301 2201 1407 2233 eidem
1438 2201 1530 2233 altari
1562 2211 1620 2245 per
1651 2211 1701 2232 ine
1731 2203 1933 2239 assignatam
1965 2205 1997 2232 et
2026 2211 2163 2233 censum
2185 2203 2269 2233 sicut

413 2263 608 2302 premittitur
638 2265 780 2304 emptum
820 2266 848 2292 et
891 2264 919 2293 iu
960 2262 1101 2294 l'uturum
1138 2262 1312 2294 emendum
1352 2265 1380 2294 ei
1412 2264 1628 2305 incorporare
1659 2263 1751 2292 unire
1782 2264 1809 2292 et
1842 2263 2063 2302 inviscerare,
2085 2260 2267 2306 predictum

413 2329 542 2362 quoque
572 2320 738 2352 «lominum
770 2320 951 2360 Georgium
985 2333 1042 2366 per
1073 2333 1135 2359 nie,
1168 2327 1196 2354 ut
1230 2323 1406 2367 prel'ertur.
1437 2322 1474 2355 ad
1513 2322 1540 2354 id
1582 2325 1805 2366 presentatum
1843 2332 1916 2354 euin
1955 2320 2109 2355 omnibus
2137 2321 2269 2366 Juribus

413 2384 441 2410 et
474 2384 684 2423 pertinenciis
715 2384 781 2414 suis
813 2385 841 2414 in
873 2385 1010 2426 primum
1044 2382 1125 2414 illius
1155 2383 1266 2415 altaris
1306 2387 1470 2415 rectorem
1507 2386 1536 2414 et
1576 2384 1758 2414 ministrum
1799 2385 1960 2414 investire
1999 2386 2031 2415 et
2069 2385 2270 2416 auctoritate

414 2445 523 2471 vestra
556 2442 720 2473 ordinaria
753 2442 950 2475 eontirmare
981 2443 1159 2481 :uenenum
1190 2447 1344 2482 erariose
1373 2442 1525 2476 adhibitis
1556 2442 1843 2486 solempnitatibus
1883 2448 1915 2476 et
1956 2445 2148 2476 cerimoniis
2179 2445 2270 2476 circu

412 2501 485 2532 talia
518 2502 584 2533 lieri
616 2503 718 2534 >olitis
750 2508 777 2533 et
809 2507 1013 2548 opportunis.
1044 2505 1236 2549 supplentes
1267 2507 1371 2537 eciam
1403 2504 1518 2536 eadem
1549 2505 1744 2534 auetoritate
1783 2508 1893 2536 vestra
1925 2515 2058 2537 omnem
2087 2502 2273 2547 desectum,

411 2571 435 2592 si
467 2571 537 2603 quis
570 2563 652 2593 lorti·
683 2568 710 2593 et
745 2563 921 2595 verborum
954 2569 1004 2595 aut
1038 2568 1283 2597 seiiteneiai·1nn
1315 2564 1517 2596 obscuritate
1546 2567 1596 2595 aut
1621 2574 1814 2607 quai-unque
1837 2564 2050 2605 negligencia
2074 2563 2126 2597 vel
2149 2573 2270 2597 errore

415 2632 443 2652 ιιι
475 2621 680 2664 presentibus
713 2623 792 2654 soret
825 2627 1031 2656 eoiniuissus.
1066 2624 1097 2656 lu
1129 2636 1266 2669 quoi-inu
1298 2628 1441 2657 ouiuiuui
1473 2626 1692 2656 testiinonium
1723 2636 1760 2655 ae
1793 2629 1952 2670 perpetue
1983 2624 2144 2658 firmitatis
2166 2623 2268 2657 robur

410 2680 551 2716 simitum
583 2682 787 2715 ‹louuuoriuu
819 2695 938 2716 eiviuiu
970 2685 1232 2728 supi-:ulietoruin
1263 2686 1300 2717 ud
1328 2687 1499 2730 peticionis
1521 2695 1594 2716 mee
1616 2687 1807 2717 iustum-iani
1831 2684 2041 2729 presentibus
2062 2689 2110 2718 est
2131 2694 2264 2729 appen-
