2347 3153
1031 183 1103 216 377

131 301 253 324 census
283 293 432 323 retentos
462 300 602 323 unacum
634 289 805 323 refusione
834 289 1052 334 dampnorum
1084 299 1100 320 a
1132 288 1227 321 dictis
1257 286 1417 321 fratribus
1440 290 1596 332 repetere
1617 285 1677 319 sub
1698 289 1787 319 omni
1810 289 2003 329 integritate.

131 362 204 385 cum
249 350 381 384 ellectu.
439 350 547 392 Quam
591 350 724 396 quidem
763 352 1084 396 pronunciacionem
1123 353 1153 381 et
1192 348 1444 382 ordinacionem
1484 350 1556 393 ipse
1594 351 1706 393 partes
1736 351 1839 380 ratam
1870 352 2000 391 gratam

131 411 316 447 babuerunt
356 416 456 457 atque
494 411 714 445 laudaverunt
751 415 780 444 et
820 421 986 456 expresse
1015 410 1263 454 emologarunt.
1303 413 1478 443 reservata
1518 407 1625 445 nobis.
1656 411 1682 442 si
1712 419 1855 442 necesse
1886 409 1995 442 fuerit.

138 471 334 520 (potestate)
365 476 471 519 ipsum
502 472 672 506 arbitrium
712 472 843 506 laudum
875 475 905 505 et
936 473 1254 518 pronunciacionem
1285 469 1481 504 emendare.
1502 469 1676 502 declarare
1706 473 1735 502 et
1767 472 2001 515 interpretare.

129 537 158 569 si
199 534 332 580 aliquod
377 533 510 568 dubium
554 535 685 567 veniret
728 535 758 566 in
800 532 862 566 hiis
901 535 980 579 ipsis
1016 531 1177 579 partibus.
1216 535 1354 577 quocies
1391 536 1421 564 et
1461 531 1594 577 quando
1638 531 1733 564 nobis
1764 534 1871 564 visum
1903 531 2001 564 suerit

132 595 307 642 expedire.
337 595 379 629 de
408 599 439 629 et
470 605 572 641 super
600 593 718 640 quibus
748 593 901 628 omnibus
931 597 961 627 et
991 593 1132 638 singulis
1160 593 1372 639 presentibus
1403 593 1542 627 l'acimus
1572 592 1680 627 fidem.
1731 592 1854 626 llarum
1885 591 2003 637 quibus

129 656 276 702 sigillum
319 660 469 690 nostrum
513 654 725 702 presentibus
768 659 817 688 est
862 665 1059 701 appressum
1105 657 1295 688 testimonio
1339 655 1520 688 literarum.
1579 654 1699 687 Datum
1743 665 1831 687 anno
1879 653 2003 686 domini

130 717 306 753 millesimo
350 716 686 763 quadringentesimo
729 718 856 761 quinto.
901 715 983 749 l'eria
1027 720 1122 749 sexta
1161 720 1238 748 ante
1281 718 1542 749 conversionem
1581 718 1686 749 saneti
1727 713 1815 749 Pauli
1860 714 2000 760 apostoli

130 778 273 824 gloriosi
304 782 335 812 et
364 782 473 812 actum
505 776 679 811 olomucz.

442 848 536 884 (six-ig,
565 849 646 880 Pei-«g.
672 848 798 879 beigzctlr,
825 847 884 880 sig.
909 848 945 873 ini
971 847 1045 876 olm,
1071 847 1142 881 (9:111.
1168 847 1318 880 Archivo)

1015 992 1124 1028 353.

132 1065 268 1111 Markq.
299 1065 414 1100 Jodol:
441 1065 582 1098 schenkl
611 1065 674 1098 deu
707 1064 950 1097 li'nrllm'nseru
980 1063 1037 1096 hei
1066 1062 1192 1096 Dotem
1229 1063 1284 1096 die
1321 1062 1460 1095 elwdem
1499 1061 1785 1106 mut·lrffl·1islicleen
1825 1060 1892 1093 und
1936 1071 1998 1093 zm·

133 1126 231 1171 Bur-q
265 1126 423 1172 Tepenec
458 1126 648 1170 {sehort’ssen
688 1124 831 1159 ll'd'lder
869 1125 955 1158 heim
990 1124 1100 1169 Dor-fe
1131 1123 1275 1157 (ie‘ebmt.
1335 1123 1393 1156 m.
1438 1123 1582 1156 tumeres.
1622 1123 1681 1156 21'1.
1712 1122 1846 1155 Ju'uner·
1887 1120 1996 1156 1405.

260 1186 431 1240 Jodocus
460 1205 512 1239 dei
542 1207 658 1250 gracia
689 1203 839 1238 marchio
860 1203 1212 1249 Brandenburgensis.
1243 1205 1330 1236 sacri
1352 1202 1493 1236 Romani
1525 1204 1654 1248 imperii
1683 1200 1999 1235 areliicainerarius.

133 1266 284 1302 marchio
313 1271 346 1301 et
374 1266 528 1301 dominus
557 1265 725 1300 Moravie.
765 1265 1022 1299 notuml'acimus
1058 1269 1176 1298 tenore
1215 1266 1426 1310 presencium
1458 1266 1638 1298 universis.
1669 1263 1754 1308 quod
1786 1261 1999 1296 considerata

133 1328 334 1363 condicione
372 1326 516 1362 humana
555 1332 586 1361 et
626 1326 812 1360 mortalium
851 1326 1064 1371 fragilitatem
1103 1329 1133 1359 in
1169 1328 1280 1359 animo
1319 1324 1549 1366 revolventes,
1586 1335 1659 1357 cum
1704 1327 1773 1370 ipse
1818 1323 1917 1357 homo
1961 1323 2001 1356 de

134 1393 230 1424 utero
257 1391 433 1435 genitricis
462 1398 623 1433 egressus
653 1392 819 1433 tamquam
853 1387 914 1421 llos
944 1392 1015 1421 estu
1046 1390 1259 1421 miseriarum
1285 1389 1438 1419 atteritur
1458 1390 1488 1419 et
1511 1385 1701 1419 brevissimi
1723 1387 1826 1431 spacii
1847 1384 2002 1419 revoluto

132 1456 286 1498 tempore
314 1453 489 1485 evanescit
523 1449 632 1483 subito
671 1449 769 1482 velud
810 1447 939 1483 umbra.
978 1448 1223 1495 speculacionis
1262 1452 1375 1481 nostre
1413 1450 1486 1480 acie
1515 1447 1554 1480 ad
1585 1447 1736 1480 ordinem
1768 1447 2001 1491 religiosarum

134 1522 356 1559 personarum
387 1511 515 1546 reflexa
546 1513 608 1545 rita
637 1511 855 1544 advertimus,
887 1509 973 1555 quod
1005 1509 1048 1543 hii
1079 1509 1248 1542 dumtaxat
1280 1509 1341 1542 soli
1371 1508 1412 1541 ab
1442 1507 1538 1541 huius
1569 1508 1679 1541 {umidi
1700 1510 1783 1541 eruti
1807 1507 2002 1541 involueio-

132 1571 242 1615 nibus,
270 1583 419 1607 excusso
448 1572 490 1606 de
518 1571 710 1606 cervicibus
735 1573 831 1616 jugo.
862 1573 1055 1604 continuum
1092 1569 1253 1604 exhibent
1283 1570 1443 1603 altissimo
1473 1568 1658 1602 liberamve
1687 1571 1768 1605 ‹sic›
1798 1567 2002 1602 famulatum.

131 1636 310 1681 presertim
339 1644 414 1668 cum
444 1633 618 1667 seculares
647 1644 794 1678 persone
825 1635 856 1666 in
888 1631 950 1666 biis
980 1634 1149 1678 precipue,
1181 1642 1245 1677 que
1275 1635 1347 1665 sunt
1379 1634 1489 1664 carnis
1519 1635 1551 1663 et
1580 1632 1753 1674 sanguinis
1783 1629 2002 1662 delectentur.

132 1694 224 1730 luter
251 1699 387 1729 ceteros
417 1705 501 1728 vero
533 1694 711 1736 religiosos
743 1696 834 1726 viros
864 1692 903 1726 ad
936 1691 1163 1726 venerabilem
1185 1691 1459 1725 Carthusiensem
1482 1691 1647 1725 ordinem.
1670 1695 1783 1725 nostre
1804 1690 2002 1724 devocionis

134 1758 226 1790 vires
254 1755 451 1790 direximus.
491 1766 630 1801 quorum
671 1754 793 1799 ubique
825 1754 896 1787 loen
927 1756 1068 1791 egregia
1107 1752 1147 1786 ad
1180 1752 1341 1786 honorem
1373 1755 1609 1799 omnipotentis
1648 1752 1699 1785 (lei
1731 1756 1761 1785 et
1791 1751 1829 1784 ad
1859 1751 2001 1790 (glorium

131 1816 318 1852 christiane
347 1816 469 1850 milicie
498 1816 655 1850 salutaria
700 1818 888 1861 receperint
928 1818 1146 1848 inem-numia.
1180 1813 1283 1859 igitur
1313 1814 1480 1859 religiosis
1511 1813 1667 1848 fratribus
1698 1811 2003 1846 Cartbusiensilms.

135 1879 239 1925 priori
276 1881 309 1911 et
338 1879 519 1911 conventui
550 1879 742 1910 monasterii
773 1875 877 1909 Vallis
906 1874 1068 1921 iosaphat
1107 1885 1212 1921 prope
1250 1874 1362 1908 villam
1394 1874 1500 1909 Dolau
1541 1878 1571 1908 in
1608 1874 1750 1920 quodam
1782 1876 1910 1907 vertice
1941 1875 2004 1906 siti.

131 1940 190 1984 qui
220 1948 308 1973 nunc
336 1942 411 1972 sunt
440 1942 472 1971 et
502 1940 634 1971 inantea
671 1948 830 1971 successu
871 1938 1031 1982 temporis
1069 1940 1177 1969 erunt.
1207 1947 1347 1981 quorum
1388 1947 1474 1969 nova
1514 1946 1677 1982 propago.
1709 1939 1874 1980 utinquam
1906 1945 2004 1967 secus

134 1998 256 2034 lluenta
286 1998 543 2033 decurreneium
575 2010 736 2044 aquarum
768 1998 914 2044 plantata
955 2000 1069 2030 suavis
1105 1996 1219 2031 odoris
1259 1996 1475 2041 llagranciam
1516 2008 1575 2042 pro
1614 2001 1728 2029 eterna
1759 1995 1864 2028 salute
1893 1997 2002 2028 aninu-

133 2059 270 2095 naribus
298 2062 423 2095 nostris
451 2063 592 2106 spargit.
622 2070 740 2093 omnes
769 2059 884 2092 silvas.
916 2069 1066 2092 nemora.
1097 2057 1224 2092 rubeta.
1257 2058 1414 2103 virgulta.
1447 2069 1520 2091 euin
1552 2059 1654 2103 pratis
1684 2061 1712 2089 et
1744 2059 1889 2102 pascuis.
1919 2066 2003 2100 quos

132 2125 259 2168 etque
297 2120 408 2155 talium
447 2120 609 2155 silvarum
648 2120 792 2155 ambitus
834 2123 863 2154 in
903 2131 963 2153 suo
1002 2122 1140 2152 circuitu
1181 2119 1378 2153 interclusit.
1410 2119 1610 2164 quequidem
1642 2119 1727 2152 silve
1758 2116 2003 2150 mareliioiuiles

135 2181 282 2223 fuerunt.
319 2186 350 2216 et
391 2193 451 2228 pro
489 2186 600 2216 castro
630 2181 810 2227 Tepeneez
848 2193 865 2214 a
906 2183 1123 2214 serenissimo
1162 2182 1311 2227 principe
1349 2179 1483 2214 dmnino
1515 2179 1649 2213 KaroIo.
1689 2183 1803 2212 sancte
1843 2180 2004 2211 memorie

134 2242 212 2278 olim
242 2245 447 2290 imperatore
478 2241 704 2276 Romanorum
745 2247 777 2274 et
808 2242 1009 2275 Boi-morum
1041 2252 1135 2279 rege.
1175 2241 1233 2274 sed
1269 2252 1328 2287 pro
1359 2245 1434 2274 tunc
1466 2240 1659 2274 marchione
1690 2239 1854 2273 Moravie.
1886 2242 2002 2284 patruo

132 2308 251 2339 nostro
279 2308 312 2338 el
341 2303 477 2338 domino
506 2304 662 2349 deputate
692 2308 722 2336 et
753 2314 818 2349 que
848 2303 887 2336 ad
920 2303 1031 2336 villam
1064 2302 1220 2335 (iiwowu
1252 2301 1472 2348 perum-tunm.
1495 2312 1568 2334 cum
1591 2301 1688 2347 pleno
1705 2301 1782 2344 jure
1803 2303 1834 2332 et
1857 2299 2004 2332 dominio

137 2364 303 2408 dedimus.
333 2365 533 2399 donavimus
562 2369 592 2397 et
628 2367 751 2398 virtute
791 2367 1003 2411 presencium
1043 2366 1153 2396 auimo
1183 2362 1379 2396 deliberato.
1413 2361 1582 2395 voluntate
1619 2361 1734 2398 libero,
1774 2372 1813 2393 ae
1843 2360 1883 2393 de
1913 2364 2003 2393 certa

138 2429 253 2461 nostra
281 2428 428 2461 sciencia
459 2425 588 2459 dumus.
623 2425 832 2471 deputamus.
863 2425 1036 2458 donunuis.
1076 2435 1134 2470 per
1165 2426 1254 2470 ipsos
1285 2423 1406 2458 l'ratre-⁴
1438 2422 1697 2456 (¹arthusienses
1727 2426 1756 2453 et
1787 2432 2005 2454 successores

134 2496 251 2521 eorum
291 2496 352 2534 pro
390 2487 479 2520 dieto
519 2489 723 2520 monasteri«.
754 2485 859 2520 Vallis
897 2485 1057 2531 josaphat
1099 2484 1282 2521 habendas.
1323 2484 1483 2518 tem-udas
1523 2488 1550 2516 et
1592 2486 1760 2529 perpetuis
1799 2481 2003 2527 temporibus

138 2546 371 2594 possidendus.
410 2559 449 2580 ue
480 2549 510 2580 in
549 2557 627 2581 usus
665 2558 743 2581 suos
777 2551 806 2579 et
844 2547 998 2580 uutitate-
1030 2549 1234 2579 nioimsterii.
1275 2546 1497 2590 qumis-unque
1528 2545 1638 2578 modo.
1669 2547 1750 2576 sieut
1783 2542 2000 2576 hereditatem

138 2610 305 2655 propriam
336 2619 396 2654 pro
427 2608 598 2641 voluntate
629 2612 658 2641 et
689 2607 826 2642 arbitrio
856 2607 1116 2641 conwerteiulas.
1148 2609 1311 2647 Qiiouiam
1340 2605 1424 2639 hane
1447 2608 1640 2639 memoriaui
1664 2608 1737 2651 post
1759 2604 1855 2637 huius
1876 2603 2002 2636 caduce

134 2671 203 2703 vite
235 2679 393 2702 occasum
426 2668 467 2702 ibi
499 2669 703 2713 reliquimus.
735 2673 765 2701 ut
797 2679 856 2714 pro
887 2669 991 2701 minu·
1019 2673 1129 2701 nostra
1152 2669 1320 2712 perpetuis
1342 2668 1466 2712 pariter
1487 2665 1693 2711 temporibus
1715 2669 1788 2710 aput
1813 2669 1999 2697 creatorem

1865 2732 1897 2756 4μ(
