2347 3153
1072 188 1143 226 411

174 298 380 331 monasterio
423 298 465 343 in=
490 294 679 339 Sternberg
721 293 986 339 quadringentas
1024 303 1217 338 sexagenas
1255 303 1453 337 grossorum
1491 303 1552 338 pro
1589 296 1788 326 testamento
1818 292 1954 337 legavit.
1986 305 2044 339 pro

172 356 292 403 quibus
320 356 454 402 quidem
485 358 637 402 pecuniis
665 354 777 388 villam
800 353 978 400 ‘Babiczye
1008 365 1112 400 prope
1142 353 1218 387 illud
1249 353 1383 399 opidum
1413 363 1487 386 cum
1518 355 1610 386 curia
1640 353 1785 386 allodiali
1816 356 1983 397 integram
2014 358 2043 387 et

172 417 315 463 singulis
343 417 383 451 ud
413 417 554 451 eandem
583 415 825 463 spectantibus,
857 414 1109 461 quibuscunque
1130 413 1332 460 specialibus
1353 418 1384 447 et
1406 413 1602 458 vulgaribus
1623 417 1836 447 nominentur
1857 414 2043 450 vocabulis.

174 480 391 526 pertinenciis
422 480 600 512 universis.
631 488 692 524 per
721 475 864 510 nobilem
896 479 1002 510 virum
1033 476 1202 509 dominum
1234 473 1444 509 Laczkonem
1475 474 1516 508 de
1543 473 1705 508 Crawarz
1735 479 1954 509 executurum
1985 486 2044 508 sue

174 538 288 573 ultime
317 538 498 573 voluntatis
526 538 596 572 dari
627 542 657 571 et
689 538 806 572 donari
836 542 866 571 et
899 536 1017 570 tabulis
1047 540 1136 570 terre
1167 535 1302 570 inscribi
1333 535 1494 582 disposuit
1525 540 1554 569 et
1585 536 1751 570 ordinavit
1773 540 1805 568 et
1825 547 1899 569 1·11111
1921 536 2040 569 effectu

174 599 313 634 realiter
340 602 547 646 procuravit.
577 610 638 645 per
667 610 728 632 nos
757 603 789 631 et
817 608 1037 632 successores
1075 602 1221 631 nostros.
1261 599 1451 643 prepositos
1490 601 1519 630 et
1560 601 1763 630 conventum
1795 599 1825 630 in
1857 596 2046 642 Sternberg·

173 659 359 706 regendam
389 665 420 693 01
450 659 650 694 habendam.
682 659 858 693 tenendam
889 663 918 692 et
959 670 1034 692 cnm
1072 661 1162 692 omni
1193 659 1271 702 jure
1302 661 1373 691 veri
1413 658 1548 691 dominii
1580 657 1776 692 hereditatis
1807 658 1898 692 titulo
1929 662 2044 705 possi-

172 720 339 764 dendam;
369 724 411 756 ita
443 726 565 757 tamen.
596 725 628 754 ut
659 721 698 754 ad
729 724 820 754 certa
852 719 955 754 divini
986 719 1093 753 cultus
1122 721 1280 753 servicia.
1311 729 1452 764 quorum
1482 721 1589 752 series
1618 730 1679 764 per
1703 719 1854 752 ordinem
1877 719 1917 752 de
1939 719 2044 753 verbo

172 781 215 816 ad
258 782 399 816 verbum
443 782 581 816 inferius
624 780 782 827 specifice
824 785 1056 826 expressatnr.
1097 792 1158 814 nos
1197 785 1228 813 et
1258 791 1479 813 successores
1510 784 1644 813 nostros
1673 780 1842 814 servanda
1874 784 2043 827 perpetuis

174 841 382 889 temporibus
411 841 612 888 obligemus,
643 841 754 876 Primo
785 845 896 886 igitur.
927 846 959 875 111
991 845 1022 875 111
1061 841 1262 886 quibuslibet
1293 846 1436 886 quatuor
1473 840 1679 887 temporibus
1708 842 1849 881 snm-ntis
1887 845 1982 876 annis
2013 846 2043 876 in

173 907 373 950 perpetuum
403 914 464 950 pro
493 903 600 937 salute
630 902 749 949 prefati
780 903 903 936 domini
926 902 1012 936 Petri
1044 907 1074 934 et
1105 902 1239 936 domine
1260 902 1371 936 Anne.
1403 905 1475 936 eius
1504 905 1657 947 coniugis
1679 908 1874 938 memorate.
1900 915 2044 950 xespere

173 963 309 1009 vigilias
337 968 368 998 et
400 975 499 998 mane
528 966 663 998 missam
694 967 832 997 cantari.
864 967 958 1009 prout
990 963 1060 996 lieri
1091 967 1287 997 consuetum
1318 968 1379 997 est.
1410 963 1593 997 ordinetur.
1626 963 1708 998 ltem
1739 964 1814 997 dum
1846 969 1877 998 et
1906 969 2044 1010 quocies

172 1024 245 1059 dies
273 1027 498 1059 anniversarii
528 1024 638 1058 obitus
666 1027 738 1058 eins
768 1027 799 1058 in
830 1024 1049 1058 revolucione
1078 1027 1154 1057 anni
1183 1024 1371 1058 advenerit.
1395 1024 1480 1069 quod
1503 1026 1654 1059 similiter
1685 1026 1817 1066 vigilias
1847 1030 1877 1059 et
1909 1029 2042 1060 missam

173 1090 273 1133 prout
315 1089 481 1132 exequias
509 1088 849 1120 commemoracionis
888 1086 960 1119 talis
999 1085 1132 1119 domine
1162 1085 1324 1119 decuerit.
1364 1085 1529 1118 cantando
1559 1089 1628 1131 pari
1669 1087 1778 1120 modo.
1819 1092 1849 1120 nt
1890 1090 2044 1133 superins

172 1145 385 1181 celebremus
427 1151 458 1180 et
503 1158 600 1181 unam
644 1157 852 1191 sexagenum
896 1157 1093 1191 grossorum
1139 1149 1209 1192 ipso
1248 1146 1300 1179 die
1339 1146 1575 1180 distrilniamus
1615 1147 1816 1193 pauperibus
1851 1153 1880 1181 et
1912 1152 2041 1190 egenis.

173 1207 255 1243 110111
285 1212 462 1254 postquam
492 1207 641 1242 laborem
672 1207 800 1254 capelle
831 1207 952 1241 ibidem
984 1210 1014 1241 in
1055 1207 1183 1241 bonore
1213 1210 1317 1240 suncti
1347 1206 1510 1241 Jeroniuii
1546 1207 1707 1241 fabricate
1746 1212 1922 1246 contigerit
1955 1222 2043 1244 con-

173 1264 299 1304 sufflari
334 1274 366 1303 et
409 1269 485 1303 illuc
529 1269 647 1316 prefati
687 1270 811 1303 domini
845 1269 930 1302 l‘etri
967 1273 996 1301 et
1037 1269 1122 1301 dicte
1161 1269 1294 1302 domine
1327 1269 1425 1301 Anne
1466 1268 1585 1302 fuerint
1626 1280 1768 1314 corpora
1807 1274 2043 1315 transportata,

173 1333 264 1365 0111111
292 1330 346 1365 die
376 1332 509 1364 missam
542 1333 573 1364 in
602 1329 721 1364 eadem
760 1330 886 1376 capella
926 1330 1172 1363 defunctorum.
1213 1333 1307 1374 prout
1348 1329 1500 1362 dominns
1532 1328 1647 1363 l'etrns
1677 1330 1785 1363 111111111·
1815 1334 1936 1365 vivens
1967 1332 2042 1365 dis--

172 1394 345 1438 posuerat,
375 1393 501 1424 cantari
532 1402 593 1437 per
621 1391 764 1425 clericos
798 1396 874 1423 octo
902 1390 1183 1436 superpeliciatos
1213 1394 1241 1422 et
1273 1389 1399 1423 eisdem
1431 1390 1623 1424 cantoribus
1653 1391 1726 1424 talia
1758 1393 1978 1438 superpelicia
2010 1399 2039 1427 et

173 1462 297 1487 census
325 1452 396 1486 dari
425 1462 555 1485 annuos
585 1463 645 1498 pro
675 1451 844 1486 laboribus
874 1451 1073 1489 otuu-ramur.
1105 1451 1261 1484 videlicet
1282 1451 1416 1485 cuilibet
1439 1452 1580 1485 mediam
1603 1463 1810 1497 sexagenum
1832 1466 2042 1499 grossorum.

172 1515 296 1547 rectori
334 1513 427 1548 scole
466 1524 563 1547 unam
603 1524 811 1558 sexagenum
851 1523 1048 1550 «grossorum
1085 1517 1115 1544 et
1152 1515 1380 1558 campauatori
1421 1512 1562 1546 mediam
1602 1525 1811 1558 sexagenum
1842 1527 2038 1554 grossorum

172 1572 364 1619 obligamur
393 1577 588 1608 necessario
611 1580 814 1620 ‘procui-are.
846 1574 880 1607 Si
913 1573 1056 1618 deniqne
1087 1572 1128 1605 ob
1168 1576 1400 1606 reverenciam
1431 1573 1571 1607 alienius
1611 1574 1683 1608 l'esti
1723 1576 1905 1622 solempnis
1942 1577 2039 1611 talem

172 1637 308 1670 missam
346 1637 395 1670 sic
434 1646 494 1681 pro
529 1635 695 1669 defunctis
733 1638 861 1669 cantari
901 1639 1094 1668 consuetam
1136 1644 1277 1666 necesse
1317 1634 1410 1667 suerit
1451 1633 1640 1673 olmiittere,
1675 1636 1761 1681 quod
1793 1636 1856 1670 due
1887 1637 2041 1679 legantur

172 1695 249 1730 loco
277 1698 362 1730 eius.
392 1696 541 1738 Quocies
571 1708 654 1730 vcro
684 1696 918 1731 defunctorum
951 1695 1097 1741 predicta
1129 1697 1227 1727 missa
1259 1695 1456 1728 cantabitur.
1489 1699 1618 1730 interim
1649 1697 1712 1729 doe
1744 1701 1844 1731 misse
1876 1698 2042 1738 legantur.

172 1760 207 1791 et
233 1756 289 1791 vel
317 1759 344 1791 si
375 1756 439 1791 due
469 1756 534 1802 legi
565 1762 704 1803 propter
732 1757 899 1790 desectum
931 1755 1180 1789 celebraneinui
1213 1767 1276 1789 non
1308 1759 1485 1801 potuerint.
1508 1761 1583 1790 tunc
1605 1757 1711 1791 saltim
1735 1770 1796 1792 nna
1819 1759 1889 1792 sola
1912 1759 2042 1803 legatur

174 1817 405 1853 tantummodo
436 1822 467 1851 ei
499 1818 561 1852 hoc
591 1821 664 1852 sine
695 1821 943 1852 intermissione
973 1818 1092 1862 aliqua.
1144 1815 1211 1850 Nos
1242 1819 1351 1862 itaque
1384 1816 1558 1851 Florianus
1589 1823 1777 1864 prepositus
1808 1825 1835 1852 et
1868 1819 2040 1854 Jobannes

172 1880 266 1925 prior
303 1889 342 1912 ac
380 1882 467 1913 intus
502 1883 690 1912 conventus
729 1882 882 1924 superius
920 1881 1119 1912 nominatus.
1162 1877 1221 1910 bos
1261 1876 1391 1910 oblatos
1431 1878 1526 1911 uobis
1562 1879 1720 1913 articulos
1759 1885 1789 1913 et
1825 1885 1980 1926 receptos
2011 1884 2040 1915 111

174 1949 320 1974 examen
359 1943 474 1974 nostre
509 1940 744 1974 conventualis
780 1939 1037 1973 deliberacionis
1073 1938 1262 1972 induximus
1300 1943 1329 1971 et
1361 1938 1509 1977 diligenti
1540 1943 1699 1974 scrutinio
1729 1946 1759 1974 et
1791 1946 1916 1975 matura
1949 1942 2039 1975 deli-

172 1998 355 2035 berneium·
391 2003 617 2035 excussimus.
657 2000 732 2046 1111111
764 2012 794 2034 111
825 2000 878 2034 tati
909 2011 987 2033 cusu
1021 1999 1115 2033 notu<
1145 2003 1174 2030 1·1
1207 2004 1328 2033 nostris
1359 2000 1613 2034 successoribus
1645 2001 1727 2035 soret
1759 2003 1930 2036 decorum.
1963 2004 2039 2036 utile

169 2064 206 2095 et
234 2059 427 2103 honestum.
457 2061 588 2096 tandem
620 2066 698 2095 voto
729 2064 874 2095 1111011111ιί
906 2066 935 2093 1·1
968 2065 1036 2106 pari
1067 2061 1207 2094 consilio
1239 2063 1270 2094 in
1301 2073 1341 2092 eo
1372 2065 1501 2095 mentes
1532 2061 1748 2097 lirniuvimus,
1780 2068 1811 2095 nt
1835 2075 1908 2096 1-11111
1931 2063 2040 2097 111-111111

170 2124 362 2167 graciarum
392 2125 533 2156 accione
562 2122 692 2169 prefata
722 2123 921 2156 condicione
952 2126 1099 2166 recepta.
1131 2133 1191 2154 nos
1221 2126 1250 2153 1·1
1282 2132 1501 2154 successores
1522 2126 1625 2155 nostri
1647 2123 1687 2156 ud
1710 2127 1819 2157 omnia
1841 2128 1870 2156 et
1893 2125 2041 2165 singula,

171 2193 238 2230 que
264 2186 341 2218 811111
368 2182 528 2230 specifice
556 2186 711 2230 superius
741 2188 952 2229 expressata.
984 2181 1263 2228 promissionibus
1293 2181 1491 2220 obligemus.
1523 2187 1697 2228 presertim
1729 2196 1802 2218 1·11111
1834 2196 1898 2219 111111
1929 2186 2036 2219 solum

171 2247 287 2279 nostra
316 2248 499 2291 procurent.
526 2245 715 2279 commoda.
745 2244 803 2278 sed
834 2244 936 2278 divini
967 2243 1074 2276 cultus
1106 2247 1309 2276 incrementa
1341 2243 1448 2277 felicia
1488 2248 1518 2276 et
1550 2245 1687 2278 salutem
1718 2248 1864 2279 omnium
1896 2245 2039 2280 lideliuni

170 2305 370 2340 animarum.
401 2304 564 2347 Quamvis
594 2307 695 2349 igitur
724 2316 788 2339 non
819 2308 987 2339 astrictos.
1017 2304 1074 2337 sed
1106 2308 1310 2349 spontaneos
1341 2305 1548 2338 voluntarios
1578 2310 1608 2338 et
1640 2305 1804 2348 benignos
1824 2313 2040 2353 acceptorum

172 2363 414 2400 beneficiorum
445 2376 614 2400 memores
643 2366 833 2400 adiunctum
867 2365 961 2399 nobis
991 2365 1136 2398 osticium
1167 2370 1197 2397 et
1229 2376 1312 2398 onus
1343 2369 1521 2411 inpositum
1552 2366 1779 2413 sollempniter
1805 2369 2041 2414 ‹Aequi-udum

171 2427 307 2472 propriu
345 2429 562 2460 consciencia
602 2438 663 2461 nos
700 2431 837 2461 artaret.
878 2431 986 2461 tamen
1027 2438 1067 2459 ne
1098 2437 1157 2471 111-1·
1186 2426 1345 2459 desidium
1378 2425 1521 2460 bumaue
1551 2427 1722 2469 fragilitati
1754 2428 1888 2463 inditum
1919 2429 2039 2475 aliquid

170 2495 216 2521 ex
244 2489 417 2533 premissis
447 2498 608 2534 processu
638 2491 798 2533 temporis
829 2487 924 2521 nobis
954 2492 1007 2520 11111
1038 2485 1293 2520 successoribus
1332 2489 1455 2520 nostris
1494 2486 1630 2521 daretur
1665 2492 1801 2522 occasio
1831 2489 2041 2530 olnnittendi,

171 2548 286 2582 nnimo
312 2547 510 2583 deliberato.
542 2548 713 2583 voluntate
743 2549 846 2583 libera
884 2560 923 2582 ac
958 2549 998 2581 de
1027 2552 1118 2581 certa
1150 2551 1262 2581 nostra
1292 2551 1453 2583 sciencia.
1484 2553 1610 2582 matura
1642 2548 1894 2585 deliberacione
1925 2554 2041 2597 previa

172 2610 204 2642 et
235 2607 413 2642 multorum
453 2608 635 2655 proborum
669 2611 942 2656 jurisperitorum
973 2609 1114 2642 consilio
1143 2608 1328 2642 111·1·1·111·1111·
1359 2620 1418 2655 pro
1448 2607 1543 2643 nobis
1573 2614 1603 2642 et
1634 2611 1888 2645 successoribus
1920 2615 2042 2645 nostris

172 2671 387 2714 promisimus
421 2674 455 2704 et
492 2672 613 2710 vigore
654 2673 864 2716 preseneium
904 2673 1124 2716 promittimus
1163 2669 1246 2702 bonu
1287 2668 1350 2702 11111·
1385 2674 1414 2701 1·1
1445 2672 1589 2703 sincern.
1621 2670 1682 2704 bec.
1711 2675 1820 2705 omnia
1851 2677 1879 2704 et
1911 2672 2041 2716 singula

1888 2739 1936 2764 ,nz-
