2347 3153
1238 219 1312 254 514

327 329 358 361 in
394 327 544 374 partibus
573 331 716 361 exeente
746 330 776 359 et
807 325 896 359 dicto
925 324 1050 359 Mikoni
1081 327 1243 364 intimate,
1282 329 1380 370 prout
1410 327 1442 358 in
1481 328 1711 358 instrumentis
1740 324 1886 370 publicis
1917 335 2017 370 super
2045 324 2205 370 predictis

327 388 509 423 confectis.
540 388 579 421 ad
610 399 673 433 que
702 398 738 420 se
768 386 871 420 refert
901 386 1007 419 dictus
1036 389 1237 431 procurator
1266 388 1402 419 nomine
1431 397 1496 431 quo
1526 396 1626 431 supra
1656 397 1696 419 ac
1725 388 1833 431 ipsam
1866 385 1920 419 hic
1950 385 2004 419 dat
2028 396 2090 431 pro
2111 387 2209 431 posi-

327 448 483 483 cionibus
514 453 542 481 et
574 447 731 481 articulis.
772 450 803 480 in
839 451 997 492 quantum
1037 446 1164 479 faciunt
1206 450 1238 479 et
1275 445 1390 480 facere
1419 451 1558 493 possunt
1586 457 1647 492 pro
1687 445 1774 480 dieta
1812 450 1909 492 parte
1939 457 1998 480 sua
2028 450 2060 480 et
2089 450 2206 480 contra

329 514 463 555 partem
494 509 674 542 adversam
707 512 736 541 et
767 518 833 541 non
863 508 944 541 alias
972 506 1103 552 plenius
1133 510 1322 540 continetur
1351 511 1383 541 et
1411 511 1459 541 sic
1489 508 1547 541 fuit
1579 512 1611 541 et
1642 512 1691 541 est
1721 518 1852 541 verum.
1903 507 1986 541 Item
2016 506 2104 552 quod
2133 510 2208 553 post

330 574 531 604 citaeionem
563 574 593 602 et
622 569 859 603 inhibicionem
890 579 929 601 ac
958 570 1104 613 ipsarum
1136 571 1381 602 execucionem
1409 568 1579 613 predictas
1608 568 1768 602 videlicet
1789 567 1832 602 de
1854 567 2028 602 mensibus
2047 566 2208 602 Novem—

335 631 404 664 bris
435 635 464 663 et
495 630 694 663 Decembris
723 632 800 663 anni
830 632 975 674 proximi
1012 631 1245 674 suprascripti.
1283 640 1416 663 necnon
1455 632 1562 662 eciam
1591 628 1632 662 de
1663 628 1833 663 mensibus
1865 628 1987 662 Marcii
2019 628 2148 674 Aprilis
2177 632 2209 662 et

331 691 413 735 Maji
444 694 597 736 proxime
626 693 795 736 preteritis
824 690 974 736 prefatus
1002 689 1108 735 Myko
1144 688 1341 735 procuravit
1370 694 1401 723 et
1441 690 1519 723 fecit
1557 689 1664 723 dictos
1700 690 1882 734 religiosos
1912 692 2093 723 occasione
2122 688 2209 723 dicte

332 752 554 798 parrochialis
584 752 729 785 ecclesie
768 755 799 785 in
839 751 982 785 diversis
1021 751 1104 784 locis
1143 754 1174 784 in
1212 750 1361 796 partibus
1401 750 1597 784 denunciari
1628 755 1806 793 executos,
1837 751 1916 784 licet
1943 750 2078 784 nulliter
2106 754 2139 784 et-
2167 749 2208 784 de

332 813 422 847 facto
453 816 484 846 in
514 816 660 858 ipsorum
692 813 927 857 religiosorum
958 815 1140 845 maximum
1170 811 1367 846 scandalum
1397 816 1428 845 et
1459 811 1691 845 confusionem
1723 816 1755 845 et
1785 814 1832 845 sic
1862 810 1923 845 fuit
1953 815 1986 845 et
2005 815 2056 845 est
2074 821 2208 845 verum.

333 874 416 908 Item
448 874 533 919 quod
565 874 741 919 postmodo
770 874 856 907 dicta
886 885 999 907 cansa.
1030 884 1107 918 que.
1138 878 1171 906 nt
1201 876 1413 919 premittitur.
1445 872 1611 919 pendebat
1641 884 1754 907 coram
1778 873 1867 907 dicto
1897 873 2032 906 domino
2060 871 2208 916 manda,

334 935 391 968 fuit
423 939 454 967 et
484 939 532 968 est
564 934 660 968 vobis
689 937 867 968 commissa
898 938 929 967 et
958 945 1073 967 coram
1105 933 1200 968 vobis
1228 934 1353 980 pendet
1383 934 1533 968 indecisa
1564 939 1596 968 et
1625 937 1674 968 sie
1705 934 1764 968 fuit
1793 939 1827 968 et
1857 939 1907 968 est
1935 944 2067 968 verum.
2123 932 2206 967 Item

336 995 423 1041 qnod
454 996 494 1029 de
524 999 695 1041 premissis
725 995 877 1029 omnibus
907 1000 938 1028 et
968 994 1107 1039 singulis
1138 994 1197 1028 fuit
1226 999 1257 1028 et
1287 999 1335 1028 est
1366 994 1497 1040 publica
1528 1006 1597 1029 vox
1629 1000 1660 1029 et
1690 995 1791 1029 fama.
1850 995 1932 1029 Item
1963 995 2018 1028 dat
2045 994 2208 1040 producta

339 1062 371 1090 et
399 1057 613 1103 producenda
644 1068 704 1103 pro
733 1061 827 1102 parte
857 1068 914 1090 sna
946 1060 977 1090 in
1008 1056 1069 1090 hac
1099 1067 1199 1089 causa
1233 1067 1294 1102 pro
1323 1055 1551 1102 posicionibus
1583 1061 1615 1089 et
1643 1056 1805 1099 articulis,
1836 1059 1868 1089 in
1899 1060 2057 1101 quantum
2086 1054 2212 1089 faciunt

335 1123 367 1151 et
399 1118 514 1151 facere
544 1123 681 1164 possunt
711 1130 771 1164 pro
809 1118 894 1151 dieta
934 1122 1029 1164 parte
1059 1129 1117 1151 sna
1148 1122 1179 1151 et
1220 1122 1336 1151 eontra
1376 1122 1503 1163 partem
1534 1117 1714 1152 adversam
1745 1122 1776 1151 et
1806 1128 1872 1151 non
1912 1117 1994 1151 alias
2023 1117 2120 1151 aliter
2147 1127 2212 1151 nec

335 1180 423 1213 ultra
453 1190 562 1224 neque
591 1179 656 1213 alio
687 1179 798 1213 modo.
830 1179 909 1212 Item
941 1179 994 1212 dat
1027 1178 1067 1211 de
1097 1181 1250 1221 notariis,
1279 1181 1378 1212 nous.
1409 1181 1515 1223 signis
1554 1184 1584 1212 et
1623 1179 1741 1224 sigillis
1771 1183 1803 1212 et
1832 1183 2051 1224 protestatur,
2089 1182 2125 1211 ut
2152 1177 2213 1211 fuit

337 1246 369 1274 et
399 1245 449 1273 est
480 1243 582 1274 moris
612 1245 641 1273 et
672 1241 736 1274 stili
765 1243 853 1274 sacri
883 1240 1002 1286 palacii
1034 1240 1209 1285 apostolici
1242 1250 1418 1273 causarum
1450 1245 1481 1273 et
1510 1243 1603 1274 curie
1633 1251 1784 1273 romane.
1816 1238 1931 1281 Quare
1952 1250 2026 1273 cum
2047 1238 2210 1273 bonarum

338 1305 503 1336 mencinm
533 1306 572 1335 sit
603 1305 721 1335 timere
751 1302 893 1348 culpam.
924 1301 977 1335 nbi
1008 1301 1095 1334 nulla
1126 1302 1222 1347 eulpa
1246 1304 1428 1346 reperitur.
1455 1304 1533 1347 petit
1555 1303 1655 1345 igitur
1675 1301 1829 1334 dominus
1849 1305 2056 1347 procurator
2075 1302 2212 1334 nomine

338 1374 403 1409 qno
445 1374 544 1409 supra
588 1374 648 1409 per
686 1374 748 1396 vos
787 1363 909 1396 dietum
949 1362 1117 1395 dominnm
1161 1362 1345 1395 auditorem
1386 1361 1447 1395 sibi
1485 1365 1621 1396 nomine
1650 1362 1803 1407 predicto
1835 1361 1983 1408 impendi
2011 1360 2211 1395 beneficium

338 1424 563 1458 absolucionis
593 1425 631 1457 ad
663 1424 827 1457 cautelam
858 1429 891 1457 et
919 1424 1067 1469 predicta
1099 1426 1176 1468 petit
1209 1425 1411 1467 conjunctim
1443 1427 1473 1456 et
1504 1423 1637 1456 divisim
1666 1434 1706 1456 ac
1735 1422 1817 1456 alias
1838 1425 1927 1456 omni
1949 1422 2081 1456 meliori
2101 1421 2213 1463 m0d0‚

339 1498 403 1531 quo
433 1486 504 1519 fieri
535 1490 642 1531 potest
673 1490 705 1518 et
734 1484 844 1519 (lebet.
875 1485 970 1518 salvo
1000 1483 1062 1518 sibi
1092 1484 1183 1517 dicto
1212 1487 1347 1517 nomine
1373 1485 1451 1528 jure
1480 1483 1623 1518 addendi
1654 1488 1731 1519 etc..
1762 1488 1796 1517 ut
1826 1483 1884 1517 fuit
1915 1488 1947 1517 et
1976 1488 2025 1518 est
2056 1485 2159 1517 moris
2183 1486 2216 1516 et

339 1548 414 1582 stili,
446 1552 477 1580 et
507 1551 710 1592 protestatur
738 1552 770 1579 ut
803 1546 862 1579 t'nit
893 1550 923 1579 et
954 1550 1003 1579 est
1034 1548 1136 1579 moris
1168 1550 1232 1579 etc.
1265 1545 1528 1591 Quibnsquidem
1557 1545 1785 1591 posicionibus
1817 1549 1849 1578 et
1880 1545 2029 1579 articulis
2059 1544 2100 1578 ad
2129 1553 2216 1591 pro—

341 1608 482 1641 bandum
513 1611 543 1641 in
573 1619 710 1641 romana
742 1610 834 1640 euria
871 1610 1016 1641 servatis
1054 1606 1232 1640 servandis
1262 1618 1321 1652 per
1354 1606 1476 1640 dietum
1508 1606 1675 1639 dominum
1705 1605 1895 1640 Johannem
1929 1605 2116 1640 auditorem
2146 1604 2216 1639 ad—

342 1672 462 1703 missis.
520 1669 698 1703 Postmodo
736 1680 821 1702 vero
864 1673 1051 1702 memorato
1090 1668 1292 1701 Innoceneio
1331 1679 1414 1714 papa
1454 1671 1595 1713 septimo
1632 1670 1738 1701 eciam
1778 1670 1868 1701 viam
1909 1670 2069 1701 universe
2105 1669 2217 1701 earnis

341 1734 495 1775 ingresso
525 1736 553 1763 et
585 1734 796 1764 sanctissimo
827 1733 857 1763 in
889 1730 1025 1763 Christo
1055 1734 1150 1775 patre
1183 1734 1215 1763 et
1253 1729 1387 1762 domino
1417 1733 1531 1762 nostro
1571 1728 1705 1762 domino
1745 1727 1914 1772 Gregorio
1952 1727 2065 1762 divina
2095 1730 2219 1774 provi-

342 1792 459 1825 dencia
488 1803 573 1838 papa
603 1792 803 1825 duodecimo
834 1792 872 1825 ad
904 1794 1033 1837 apicem
1064 1793 1183 1824 summi
1214 1790 1420 1835 apostolatus
1451 1794 1622 1835 assumpto
1652 1794 1682 1823 et
1705 1788 1955 1834 subsequenter
1975 1789 2063 1823 dicto
2084 1788 2219 1823 domino

342 1854 496 1887 Jolianne
527 1852 674 1887 Gaseow
717 1853 870 1886 auditore
913 1864 929 1885 a
974 1863 1112 1886 romana
1152 1854 1244 1885 curia
1286 1850 1460 1885 absentato
1498 1850 1584 1884 idem
1615 1850 1768 1884 dominus
1799 1849 1990 1894 Gregorius
2019 1860 2157 1884 causam
2188 1853 2220 1883 et

342 1926 460 1948 causas
492 1914 682 1958 hujusmodi
711 1917 742 1947 in
773 1925 813 1947 eo
843 1918 941 1947 statu.
972 1924 1037 1958 quo
1068 1924 1182 1946 eoram
1214 1916 1286 1958 ipso
1316 1912 1451 1946 domino
1472 1911 1626 1945 Johanne
1656 1911 1811 1945 auditore
1836 1911 1951 1945 ultimo
1972 1914 2219 1953 remanserant,

342 1975 435 2008 nobis
465 1975 638 2009 Jeronimo
668 1975 809 2008 auditori
841 1974 971 2020 prefato
1001 1977 1169 2007 commisit
1199 1973 1435 2007 resumendum
1467 1978 1496 2006 et
1527 1973 1665 2006 ulterius
1695 1972 1917 2013 audiendum,
1941 1972 2164 2006 decidendum
2185 1976 2218 2005 et

344 2037 406 2070 tine
437 2036 547 2070 debito
579 2037 834 2070 terminandum.
879 2034 1118 2080 annsqnidem
1150 2035 1262 2068 ultime
1292 2037 1540 2068 commissionis
1570 2039 1726 2080 pretextu
1757 2045 1862 2068 eausa
1894 2039 1926 2068 et
1955 2036 2067 2068 causis
2096 2032 2220 2078 huJus-

346 2099 429 2131 modi
469 2102 499 2132 in
539 2098 627 2131 dieto
663 2102 748 2131 statu
788 2109 847 2143 per
885 2108 945 2130 nos
974 2097 1183 2130 ,ieronimum
1225 2096 1410 2129 auditorem
1442 2096 1606 2141 prefatum
1637 2095 1748 2129 debito
1779 2095 1881 2129 modo
1911 2097 2103 2140 resumptis,
2133 2092 2221 2128 sub-

344 2164 524 2204 sequenter
567 2171 650 2193 vero
694 2162 794 2192 certis
839 2161 1067 2192 instrumentis
1111 2169 1149 2190 ae
1195 2160 1301 2191 eciam
1351 2156 1490 2190 testibus
1529 2156 1705 2201 lidedignis
1744 2156 1785 2190 ad
1830 2155 2074 2190 verificandum
2114 2154 2220 2189 dictas

346 2224 599 2254 commissiones
643 2220 874 2265 dependentes
917 2231 955 2252 ae
1000 2221 1194 2264 posiciones
1237 2223 1269 2252 et
1313 2218 1471 2252 articulos
1507 2229 1621 2251 eoram
1662 2218 1757 2251 nobis
1789 2217 1999 2261 judicialiter
2035 2216 2219 2263 productis,

347 2284 491 2326 ipsisque
522 2281 660 2315 testi¹ins
691 2285 720 2315 in
752 2282 857 2314 l'orma
885 2282 970 2324 juris
1009 2283 1166 2326 receptis.
1192 2281 1319 2323 juratis
1355 2284 1386 2312 et
1423 2278 1602 2316 diligenter
1630 2282 1846 2318 examinatis„
1878 2281 2081 2324 testiumque
2110 2277 2222 2324 depo-

345 2342 525 2375 sicionilins
557 2346 586 2375 in
618 2345 749 2388 seriptis
779 2342 921 2375 fideliter
951 2342 1115 2375 redactis:
1156 2340 1288 2374 tandem
1324 2352 1407 2373 vero
1437 2351 1497 2373 nos
1527 2339 1567 2372 ad
1599 2340 1730 2385 providi
1769 2342 1832 2373 viri
1875 2342 2026 2385 magistri
2055 2338 2220 2372 Johannis

346 2402 387 2435 de
417 2403 590 2436 Sei-ivonis
629 2407 658 2436 in
699 2415 835 2436 romana
875 2406 966 2436 curia
1006 2407 1035 2435 et
1074 2402 1196 2448 prefati
1234 2402 1356 2435 domini
1387 2401 1522 2435 llenrici
1562 2404 1719 2446 prepositi
1751 2403 1949 2434 monasterii
1981 2402 2221 2434 canonicorum

347 2463 549 2507 regularium
581 2465 620 2496 de
652 2463 844 2497 Lanskrona
876 2463 1066 2509 principalis
1096 2465 1341 2508 procuratoris.
1372 2462 1551 2496 discretum
1583 2465 1690 2495 virum
1723 2465 1921 2505 magistrum
1954 2461 2086 2495 Petrum
2117 2459 2218 2494 Fride

348 2527 378 2557 in
418 2524 502 2556 dieta
543 2536 677 2557 ronmna
718 2528 808 2558 ‹rnria
849 2529 880 2558 et
918 2524 1036 2570 prefati
1073 2523 1218 2558 Miltonis
1260 2534 1302 2557 ex
1341 2524 1487 2557 adverso
1526 2523 1718 2569 principalis
1754 2527 2025 2569 procuratorem,
2055 2525 2154 2568 prout
2182 2520 2224 2554 de

347 2588 493 2631 ipsorum
539 2590 791 2629 proi-nrntornm
837 2585 999 2618 mandatis
1042 2585 1137 2618 nobis
1176 2596 1238 2630 per
1280 2584 1426 2629 legitima
1463 2586 1608 2617 constitit
1649 2584 1849 2617 documenta
1889 2583 1929 2617 ad
1968 2582 2149 2616 videndum
2189 2585 2222 2615 et

349 2645 547 2678 audiendum
579 2645 698 2678 dietum
741 2646 909 2679 dominnm
942 2645 1121 2678 llenricum
1161 2649 1368 2691 prepositum
1399 2644 1439 2678 ab
1469 2647 1839 2678 excommunieacionis
1870 2647 2056 2681 sentencia,
2087 2642 2128 2677 de
2157 2652 2222 2688 qua

351 2709 381 2739 in
421 2709 655 2739 eonnnissione
700 2707 909 2751 dependente
948 2719 986 2739 :ic
1026 2706 1250 2752 posieionilnis
1290 2711 1320 2739 et
1357 2706 1504 2739 artienlis
1543 2709 1702 2751 pretet-tis
1742 2706 1771 2739 lit
1813 2708 1957 2739 mencio.
1989 2705 2028 2738 ad
2059 2702 2224 2737 cautelam
