2347 3153
1256 199 1328 232 :3⁸26

355 310 537 352 preposito.
569 307 712 352 capitulo
742 311 771 339 et
803 306 959 339 Conrado
990 308 1021 337 in
1051 304 1135 337 dicta
1166 303 1369 348 parrochiali
1391 303 1535 336 ecclesia
1557 313 1615 336 seu
1637 302 1677 336 ad
1699 313 1772 335 eam
1793 302 1916 336 nullum
1933 303 1990 346 jus
2011 305 2225 348 competiisse

356 371 429 401 sive
468 373 673 413 competere.
713 369 1020 412 opposicioncsque
1058 364 1330 399 molestaciones.
1361 367 1583 399 vexacione&
1622 363 1900 409 perturbaciones
1930 368 1962 397 et
1990 364 2227 409 impedimenta

356 429 503 474 predicta
534 428 637 461 fuisse
659 432 689 461 et
721 439 796 461 esse
827 429 1017 463 temeraria.
1048 426 1159 458 illicita
1190 430 1223 458 et
1252 427 1370 458 iniusta
1401 436 1440 458 ac
1461 424 1502 458 de
1523 424 1612 458 facto
1633 429 1838 470 presumpta„
1860 425 2023 469 dictisque
2043 426 2226 470 preposito,

358 490 503 535 capitulo
533 494 563 521 et
596 489 751 522 t‘onrado
781 499 882 533 super
911 485 1195 532 opposicionibus.
1226 485 1534 525 molestacionibnsq
1564 484 1821 528 vexacionibus‚
1850 484 2166 531 perturbacionibus
2195 489 2229 518 et

357 551 599 596 impedimentis
631 562 668 583 ac
699 548 899 595 parrochiali
931 548 1073 581 ecclesia
1104 547 1264 593 predictis
1293 551 1491 593 perpetuum
1523 546 1697 580 silencium
1727 546 1963 592 imponendum
1994 545 2068 579 fore
2097 550 2130 579 et
2157 547 2227 579 im—

357 615 477 658 posuit.
508 615 666 657 ipsosque
698 612 915 656 prepositum,
942 609 1121 654 capitulum
1152 613 1183 641 et
1205 608 1395 642 Conradum
1426 610 1456 640 in
1487 610 1647 652 expensis
1678 610 1708 640 in
1739 606 1927 641 huiusmodi
1957 617 2058 640 causa
2079 606 2228 651 legitime

359 674 454 706 l'actis
484 671 780 717 condempnandos
810 670 883 703 fore
913 674 943 703 et
974 670 1247 714 condempnavit„
1278 672 1423 714 ipsarum
1455 679 1680 714 expensarum
1711 670 1890 701 taxacione
1919 667 1981 702 sibi
2010 671 2230 714 imposterum

359 739 545 768 reservata.
579 733 607 766 A
639 732 837 777 quaquidem
869 733 1041 765 sentencia
1071 742 1132 776 pro
1166 735 1262 777 parte
1291 730 1475 763 eorundem
1507 732 1668 775 prepositi
1699 729 1831 775 capituli
1862 734 1893 763 et
1923 728 2068 763 Conradi
2098 729 2159 763 fuit
2187 729 2228 763 ad

358 795 471 829 sedem
502 794 685 840 predictam
717 793 936 839 aimellatinn:
976 803 1104 837 nosque
1144 803 1278 825 causam
1319 791 1558 837 appellacionis
1597 790 1787 824 huiusmodi
1825 790 1866 824 ab
1909 790 2026 824 eadem
2056 793 2227 825 sentencia

359 859 533 889 interiecte
564 854 749 888 venerabili
782 854 874 887 fratri
904 858 1019 886 nostro
1049 852 1190 886 Nicolao
1229 855 1388 899 episcopo
1418 851 1700 892 Ferentinatensi,
1738 854 1793 897 qui
1823 852 1974 886 similiter
2013 856 2092 885 tunc
2120 851 2229 885 locum

359 919 453 949 unius
484 928 525 949 ex
557 916 651 949 dictis
681 914 887 948 auditoribus
918 914 958 947 de
988 914 1145 947 mandato
1176 918 1290 947 nostro
1321 912 1467 956 tenebat,
1497 917 1595 959 prout
1631 918 1733 957 tenet,
1764 913 1962 947 audiendam
2002 915 2230 947 commisimus

359 982 388 1010 et
420 976 483 1010 sme
514 976 624 1009 debito
657 975 920 1009 terminandam:
951 986 1065 1008 coram
1087 986 1165 1020 quo⁸
1196 974 1334 1020 prefatis
1354 974 1539 1008 wilhelmo
1570 979 1603 1008 et.
1626 974 1782 1008 Jolianne
1811 977 1843 1007 in
1867 974 1995 1018 judicio
2021 985 2230 1021 comparen-

360 1038 444 1071 tibus
488 1042 517 1071 ct
561 1049 622 1083 per
665 1037 807 1070 eundem
839 1035 1057 1069 Willielmum
1101 1035 1243 1080 quodam
1282 1046 1342 1081 pro
1381 1040 1475 1081 parte
1511 1046 1570 1070 sua
1610 1036 1685 1069 dato
1722 1035 1831 1069 libello
1869 1038 1942 1081 ipso
1971 1035 2126 1070 Johanne
2155 1040 2232 1069 tunc

363 1099 505 1143 aliquem
536 1109 597 1144 pro
627 1102 721 1144 parte
758 1109 815 1131 sua
856 1097 1000 1131 libellum
1032 1097 1112 1129 dare
1142 1107 1208 1130 non
1239 1101 1377 1130 curante
1408 1101 1439 1129 et
1468 1108 1528 1142 per
1557 1096 1739 1142 quemlibet
1767 1108 1883 1130 eorum
1915 1097 1955 1131 de
1985 1097 2171 1143 calumpnia
2201 1100 2234 1130 et

366 1160 406 1193 de
435 1163 578 1193 veritate
610 1159 749 1193 dicenda
781 1162 810 1192 in
842 1161 944 1204 ipsius
976 1158 1103 1191 Nicolai
1134 1161 1282 1204 episcopi
1318 1161 1493 1203 presencia
1531 1161 1671 1204 prestito
1706 1160 1910 1203 juramento,
1948 1159 2145 1204 traditisque
2173 1169 2234 1204 per

363 1232 420 1255 eos
450 1221 615 1254 nonnullis
646 1219 873 1267 posicionibus
912 1225 944 1253 et
982 1220 1129 1253 articulis
1167 1224 1195 1253 et
1227 1230 1287 1265 per
1317 1219 1460 1252 eundem
1491 1219 1711 1254 Willielmum
1742 1219 1938 1265 quibusdam
1969 1219 2232 1265 cxcepcionibus

362 1288 478 1316 contra
518 1285 709 1327 posiciones
748 1286 780 1314 et
817 1281 975 1314 articulos
1015 1283 1117 1326 partis
1161 1280 1221 1314 sibi
1265 1281 1410 1314 adverse
1454 1281 1548 1314 datis.
1595 1281 1683 1314 dicto
1714 1280 1869 1315 Jolianne
1898 1285 1976 1315 tunc
2005 1283 2233 1327 excepciones

361 1345 487 1389 aliquas
518 1347 633 1377 contra
665 1346 855 1389 posiciones
885 1346 917 1375 et.
946 1342 1106 1375 articulos
1135 1345 1239 1387 partis
1268 1341 1328 1375 sibi
1359 1342 1507 1375 adverse
1537 1342 1725 1376 huiusmodi
1761 1342 1841 1376 darc
1870 1353 1937 1376 non
1967 1346 2118 1385 curante„
2149 1352 2234 1388 pro-

362 1406 537 1450 ductisquc
558 1416 618 1450 per
639 1416 697 1437 eos
719 1403 885 1437 nonnullis
906 1403 1009 1437 literis
1030 1403 1236 1449 apostolicis.
1261 1405 1487 1436 instrumentis
1504 1402 1643 1448 publicis
1661 1403 1944 1448 aliisquejuribus
1961 1408 1993 1437 et
2009 1406 2235 1446 munimentis,

363 1466 481 1512 quibus
524 1470 637 1511 partes
681 1468 751 1511 ipse
794 1467 837 1498 uti
882 1465 1062 1498 voluerunt
1104 1469 1137 1497 et
1174 1468 1290 1497 contra
1330 1464 1519 1497 huiusmodi
1554 1464 1714 1510 producta
1744 1464 1940 1510 quibusdam
1971 1464 2235 1511 excepcionibus

366 1527 521 1561 hincinde
553 1526 648 1560 datis.
680 1530 710 1559 in
741 1537 841 1559 eausa
883 1525 1068 1559 huiusmodi
1100 1528 1130 1559 in
1161 1528 1261 1558 certis
1301 1528 1463 1565 terminis⁴¹
1502 1528 1550 1559 eis
1579 1525 1620 1558 ad
1650 1526 1803 1569 singulos
1833 1530 1928 1559 actus
1958 1525 2146 1560 huiusmodi
2176 1536 2236 1572 per

363 1588 526 1635 prefatum
557 1587 730 1621 Nicolaum
762 1590 956 1632 episcopum
988 1590 1185 1620 successive
1215 1591 1248 1620 et
1276 1589 1505 1632 peremptorie
1535 1589 1728 1631 assignatis.
1759 1586 1845 1619 idem
1867 1585 2026 1620 Nicolaus
2056 1589 2235 1632 episcopus

363 1650 402 1683 ad
433 1650 582 1682 eiusdem
605 1648 776 1682 Willielmi
808 1651 1003 1681 instanciam
1036 1648 1221 1693 predictum
1242 1647 1431 1681 Joliannem
1462 1647 1503 1681 ad
1533 1647 1801 1681 concliulendum
1828 1652 1861 1681 et
1881 1648 2037 1682 concludi
2055 1647 2236 1682 videndum

364 1715 393 1744 in
425 1722 524 1744 causa
556 1710 744 1744 huiusmodi
776 1710 829 1743 vel
862 1709 1038 1742 dicendum
1078 1720 1212 1742 causam
1252 1708 1504 1744 racionabilem.
1540 1720 1644 1754 quare
1673 1712 1703 1742 111
1735 1720 1773 1742 ea
1804 1709 1956 1743 concludi
1991 1720 2058 1743 non
2087 1708 2237 1752 deberet,

366 1784 425 1818 per
453 1772 617 1817 quendam
650 1782 823 1805 cursorem
855 1775 1003 1804 nostrum
1035 1773 1128 1803 citari
1160 1770 1238 1803 secit
1267 1770 1307 1803 ad
1335 1774 1461 1803 certum
1485 1773 1661 1803 terminum
1684 1773 1947 1816 peremptorium
1968 1773 2237 1816 competentem;

367 1837 397 1867 in
427 1844 504 1878 quo.
536 1833 686 1879 predicto
715 1832 900 1865 wilhelmo
929 1843 1043 1865 eoram
1083 1832 1201 1865 eodem
1234 1831 1373 1865 Nicolao
1404 1834 1564 1877 episcopo
1595 1834 1625 1865 in
1651 1831 1778 1875 jndicio
1808 1835 2026 1877 comparente
2055 1835 2088 1865 et
2116 1830 2236 1877 prefati

368 1894 530 1927 Jobannis
568 1905 634 1927 non
674 1895 899 1938 comparentis
939 1895 1182 1927 contumaciam
1222 1898 1402 1926 accusante
1442 1897 1475 1926 et
1513 1896 1543 1926 in
1582 1895 1654 1927 cius
1690 1895 1934 1928 contumaciam
1974 1895 2006 1926 in
2036 1903 2137 1927 causa
2167 1895 2236 1938 ipsa

367 1955 519 1988 concludi
559 1959 705 2000 petente7
738 1959 942 1987 memoratus¹
972 1953 1130 1988 Nicolaus
1169 1957 1346 2000 episcopus
1382 1958 1540 1999 reputans
1576 1953 1719 1987 cundem
1748 1953 1949 1997 iohannem,
1988 1953 2096 1999 quoad
2127 1957 2236 1987 actum

368 2017 554 2050 huiusmodi
594 2021 689 2062 prout
727 2021 795 2049 crat
828 2019 957 2057 merito‚
989 2019 1236 2057 contumacem„
1268 2018 1297 2048 in
1336 2018 1407 2048 eius
1446 2018 1690 2048 contumaciam
1729 2026 1803 2048 cnm
1839 2014 1959 2048 eodem
1988 2012 2177 2049 Wilhelmo
2206 2017 2238 2048 in

369 2077 555 2111 huiusmodi
587 2088 687 2110 causa
719 2077 940 2110 concludente
971 2077 1132 2111 conclusit
1163 2081 1192 2109 et
1226 2076 1337 2109 babuit
1368 2088 1427 2121 pro
1458 2076 1629 2110 concluso.
1660 2075 1699 2109 Et
1731 2076 1852 2109 deinde
1880 2076 2039 2122 predictis
2055 2075 2240 2110 Wilhelmo

367 2143 394 2171 et
427 2138 582 2172 Jolianne
622 2150 735 2171 coram
780 2138 898 2171 eodem
941 2138 1081 2171 Nieolao
1124 2141 1284 2183 episcopo
1328 2140 1358 2170 in
1397 2137 1525 2181 judicio
1569 2137 1842 2183 comparentibus
1885 2140 2024 2183 ipsoque
2054 2135 2239 2171 Wilhelmo

367 2199 584 2232 ‹lel'linitivam
630 2202 660 2232 in
705 2199 892 2232 huiusmodi
938 2210 1038 2232 causa
1082 2201 1288 2232 sentenciam
1331 2199 1408 2232 l'erri
1450 2203 1595 2244 petente.
1639 2201 1670 2232 in
1711 2203 1802 2232 certa
1842 2198 1894 2232 dic
1933 2198 1971 2232 ad
2003 2197 2068 2232 hoc
2096 2197 2238 2244 prefixa.

367 2260 558 2306 ¹<emula-tus
590 2260 747 2293 Nicolaus
778 2263 956 2305 episcopus
987 2263 1067 2293 visis
1097 2265 1129 2293 et
1159 2260 1337 2304 diligenter
1367 2263 1524 2305 inspectis
1563 2259 1717 2293 omnibus
1747 2264 1779 2293 et
1808 2259 1948 2303 singulis
1977 2261 2060 2293 actis
2089 2261 2242 2293 acticalis

369 2321 486 2354 babilis
523 2327 550 2353 et
593 2321 762 2367 productis
802 2324 831 2353 in
872 2332 972 2353 ‹zausa
1013 2321 1213 2361 huiusmodi,
1254 2323 1400 2366 ipsisque
1439 2332 1512 2353 cum
1544 2320 1722 2361 diligencia
1754 2323 1931 2354 recensitis
1960 2324 1993 2353 ct
2023 2322 2239 2362 examinatis,

368 2394 406 2415 ac
438 2382 521 2415 l'aeta
553 2394 653 2427 snper
683 2382 745 2415 biis
775 2381 928 2414 omnibus
967 2381 1174 2415 auditoribus
1204 2392 1380 2415 causarum
1418 2381 1494 2415 dicti
1534 2382 1650 2427 palacii
1691 2382 1861 2415 relacione
1901 2382 2049 2427 plenaria
2079 2385 2112 2414 et
2140 2379 2240 2423 fideli,

369 2443 409 2475 dc
440 2446 584 2488 ipsorum
616 2443 802 2476 andilornm
841 2443 981 2475 consilio
1021 2447 1049 2475 et
1091 2454 1230 2476 assensn
1270 2454 1330 2488 per
1367 2454 1460 2476 suam
1500 2443 1708 2476 ‹lil'limuvam
1747 2445 1953 2476 sentenciam
1990 2443 2238 2488 pronunciavit,

369 2504 518 2537 det-rexit
560 2509 589 2535 et
627 2504 831 2537 declaravit:
870 2515 929 2549 per
959 2503 1122 2549 prefatum
1154 2504 1337 2537 Antonium
1377 2506 1571 2549 episcopum
1613 2507 1642 2537 in
1674 2503 1860 2537 huiusmodi
1891 2514 1992 2537 cansa
2023 2502 2108 2536 benc
2137 2502 2241 2536 fuisse

371 2570 401 2597 et
433 2576 508 2598 esse
548 2576 756 2609 processum.
788 2568 1031 2598 Ις1*1111·111·111111111
1072 2569 1102 2597 et
1141 2564 1327 2607 dil'linitinn,
1368 2567 1537 2610 ipsiusque
1574 2567 1780 2598 sentenciam
1811 2563 2075 2598 confirmandam
2107 2563 2180 2597 fore
2210 2566 2243 2596 et

371 2625 593 2659 confirmavit.
626 2631 654 2657 et
688 2637 746 2670 pro
777 2629 870 2670 parte
901 2626 1063 2658 dictorum
1095 2628 1267 2670 prepositi.
1289 2625 1421 2671 capituli
1453 2630 1484 2658 et
1514 2625 1660 2658 Conradi
1691 2625 1731 2658 ab
1761 2625 1879 2658 codem
1905 2625 2051 2658 Antonio
2081 2627 2240 2670 episcopo

372 2692 402 2719 1-1
435 2687 519 2720 dicta
551 2688 622 2729 ejus
652 2689 824 2719 sentencia
867 2686 952 2718 male
984 2686 1086 2719 fnisse
1126 2690 1155 2718 et
1194 2698 1270 2719 esse
1309 2685 1521 2731 appellatunu
1562 2689 1718 2731 ipsosque
1758 2689 1962 2731 prepositum
2002 2685 2180 2731 capitulum
2210 2688 2242 2718 et
