2347 3153
1226 195 1301 232 5¹25

327 301 366 334 de
398 300 499 334 Bora.
530 301 741 334 decretorum
773 300 923 343 doctore.
955 302 1041 333 inter
1061 299 1225 345 prefatum
1248 300 1479 334 honorabilem
1502 303 1610 333 virum
1633 300 1801 333 dominum
1823 299 2011 334 Johannem
2033 300 2197 335 decanum

327 362 472 395 ecclesie
503 349 736 395 Olomucensis
766 365 859 406 parte
889 372 933 394 ex
962 371 1026 394 una
1057 365 1086 393 et
1119 360 1298 394 discretum
1321 363 1429 394 virum
1453 360 1621 394 dominum
1644 359 1779 394 Petrum
1808 363 1970 394 vicarium
2000 365 2198 407 perpetuum

327 422 470 456 ecclesie
500 422 701 468 parocliialis
732 425 761 455 in
792 421 970 467 stsaw.
1002 420 1237 455 Olomucensis
1267 421 1424 455 diocesis.
1455 421 1495 455 de
1525 425 1555 453 et
1589 432 1691 466 super
1719 424 1883 466 pensione
1911 432 2020 455 annua
2049 421 2198 456 sedecim

327 494 516 517 marcarum
560 484 771 516 denariorum
815 493 1013 527 grossorum
1057 486 1273 528 pragensium
1318 488 1349 515 et
1399 485 1562 516 iuoravici
1598 485 1802 527 pagamenti‚
1842 485 2018 527 sexaginta
2057 487 2199 528 quatuor

328 556 469 589 grossos
498 556 558 589 pro
590 555 700 576 marea
731 543 967 589 computande„
997 554 1130 576 necnon
1166 548 1310 588 quatuor
1348 543 1491 588 lapidum
1523 545 1594 588 sepi
1624 553 1663 575 ac
1693 545 1826 587 triginta
1856 554 1919 577 sex
1947 554 2197 588 sexagenarum

327 616 524 649 grossorum
543 607 756 650 pragensium
779 607 915 637 racione
937 603 1156 649 dampnorum
1196 609 1226 637 et
1256 607 1422 637 interesse
1452 608 1482 636 et
1505 606 1651 648 ipsorum
1682 606 1855 637 accionem
1884 608 1980 649 parte
2008 615 2053 638 ex
2081 604 2198 646 attera,

328 677 387 711 pro
427 670 587 711 parteque
624 665 746 698 domini
784 664 947 698 Johannis
986 664 1104 698 decani
1141 665 1286 698 ecclesie
1317 664 1552 697 Olomueensis
1591 663 1707 697 fuisset
1737 666 1873 709 petitum
1903 675 1964 710 per
1992 667 2198 698 sentenciam

330 726 537 760 diffinitivam
576 728 790 771 pronunciari
829 726 965 759 decerni
1005 730 1035 758 et
1072 726 1237 759 declarari
1276 737 1319 759 ex
1359 728 1460 758 certis
1498 729 1529 757 et
1568 723 1829 758 racionabilibus
1867 727 1989 768 causis,
2027 727 2059 759 in
2088 723 2198 758 libello

330 791 434 832 prime
465 790 626 821 instancie
663 787 827 820 deductis.
865 786 1121 832 predecessoris
1157 787 1295 832 predicti
1331 786 1453 819 domini
1493 785 1656 819 Joliannis
1695 785 1813 819 decani
1850 785 1990 831 predicti
2023 796 2062 819 ac
2092 788 2198 831 ipsum

328 849 526 882 decanatum
558 848 702 882 ecclesie
733 848 966 882 Oloniucensis
1006 848 1110 882 fuisse
1144 852 1175 882 in
1205 850 1422 894 possessione
1451 846 1584 880 levandi
1615 847 1752 880 tollendi
1782 851 1813 880 et
1842 846 2048 893 percipiendi
2078 846 2197 880 dictam

327 913 525 955 pensionem
567 920 706 943 unacum
747 912 901 955 superius
940 912 971 943 in
1008 909 1119 943 libello
1156 912 1262 955 prime
1301 911 1465 942 instaneie
1502 911 1687 954 expressis,
1726 911 1884 954 ipsosque
1914 907 2138 942 restituendos
2166 912 2199 941 et.

328 971 585 1008 reintegrandos
617 971 689 1003 l'ore
717 982 756 1003 ac
787 973 914 1004 restitui
945 975 975 1003 et
1006 974 1208 1015 reintegrari
1236 969 1362 1003 debere
1392 973 1422 1003 in
1454 972 1706 1015 possessionem
1737 972 1908 1015 pristinam
1938 971 2086 1003 omnium
2114 979 2198 1015 pre-

327 1035 506 1066 missorum
537 1035 567 1065 in
599 1035 759 1065 terminis.
791 1035 821 1065 in
853 1031 961 1065 libello
983 1035 1090 1077 prime
1110 1034 1274 1065 instancie
1296 1033 1484 1076 expressis.
1506 1033 1682 1076 ipsumque
1703 1030 1872 1064 dominum
1894 1029 2040 1073 Petrum.J
2070 1033 2197 1076 partem

325 1093 519 1127 adversam.
550 1092 696 1126 indebite
726 1093 821 1126 dictis
851 1095 882 1126 in
913 1092 1023 1126 libello
1045 1096 1151 1139 prime
1173 1094 1335 1125 instancie
1365 1102 1425 1136 pro
1456 1096 1550 1136 parte
1580 1091 1703 1124 domini
1734 1090 1898 1125 Joliannis
1927 1090 2068 1137 predicti
2088 1089 2199 1125 oblato

327 1157 498 1200 expressis
528 1157 649 1187 iniuste
679 1158 708 1186 et
746 1158 863 1187 contra
903 1154 999 1187 deum
1031 1157 1221 1187 retinuisse.
1254 1156 1426 1198 ipsumque
1457 1151 1625 1185 domiuum
1658 1151 1788 1185 Petrum
1819 1151 2008 1197 cogendum
2038 1156 2069 1185 et
2099 1162 2199 1186 com-

327 1215 514 1260 pellendum
553 1215 626 1248 fore
663 1214 702 1247 ad
739 1214 881 1248 dandum
922 1215 1120 1248 solvendum
1159 1214 1363 1247 reddendum
1405 1218 1434 1246 et
1472 1213 1712 1247 restituendum
1752 1224 1790 1246 ac
1820 1212 2060 1257 assignandum
2091 1212 2200 1247 eidem

327 1275 462 1310 domino
492 1275 637 1309 ,lolianni
668 1280 698 1309 et
738 1276 913 1309 decanatui
944 1287 1004 1309 suo
1034 1276 1182 1309 sedecim
1213 1286 1345 1308 marcas
1376 1278 1511 1308 nomine
1540 1278 1710 1320 pensionis
1741 1279 1770 1307 et
1801 1279 1944 1320 quatuor
1973 1273 2098 1320 lapides
2127 1276 2201 1320 sepi

326 1342 475 1370 retentos
515 1341 547 1369 et
585 1336 726 1370 debitos.
764 1348 894 1370 necnon
932 1337 971 1370 ad
1003 1336 1145 1370 dandum
1186 1341 1217 1369 et
1247 1336 1445 1370 solvendum
1477 1339 1537 1381 ipsi
1568 1336 1702 1369 domino
1732 1335 1876 1369 Johanni
1906 1335 2035 1369 decano
2064 1337 2200 1380 triginta

326 1410 520 1435 sexagenas
550 1409 748 1441 grossorum
779 1401 993 1444 pragensium
1024 1401 1162 1431 racione
1193 1397 1411 1443 dampnorum
1443 1402 1474 1430 et
1507 1400 1674 1430 interesse
1701 1401 1731 1430 et
1762 1396 1801 1430 ad
1832 1399 1995 1442 premissa
2025 1401 2058 1430 et
2086 1395 2200 1442 quod-

329 1460 404 1493 libet
440 1462 679 1505 premissorum
711 1462 912 1493 coniunctim
945 1464 974 1491 et
1006 1459 1137 1492 divisim
1159 1459 1410 1493 sentencialiter
1433 1457 1688 1503 condempnari.
1719 1457 1847 1491 Tamen
1867 1457 2018 1503 prefatus
2047 1456 2200 1491 dominus

327 1520 496 1557 (iem-mus
526 1520 634 1553 taliter
663 1520 804 1565 qualiter
834 1524 863 1553 iu
896 1520 1083 1553 huiusmodi
1114 1531 1214 1553 causa
1246 1530 1422 1565 perperam
1455 1522 1566 1564 inique
1597 1524 1626 1551 et
1657 1522 1778 1552 iniuste
1807 1518 1995 1564 procedens
2025 1529 2085 1564 per
2104 1529 2199 1552 suam

328 1587 517 1627 preti-risam
549 1585 756 1615 sentenciam
779 1580 988 1615 diffinitivam
1019 1584 1255 1627 pronunciavit
1275 1585 1304 1613 et
1327 1581 1509 1614 declaravit
1533 1580 1697 1626 prefatum
1718 1580 1887 1614 dominum
1908 1579 2040 1613 Petrum
2071 1583 2200 1626 partem

326 1644 506 1677 adversam
537 1644 643 1677 solum
675 1644 834 1677 duntaxat
866 1646 997 1676 interim
1033 1648 1062 1676 et
1095 1642 1231 1677 tamdiu.
1262 1642 1416 1687 quamdiu
1449 1644 1533 1685 ref-rit
1565 1646 1594 1675 et
1627 1646 1722 1685 reget
1745 1642 1923 1675 ecclesiam
1953 1641 2138 1688 predictam
2167 1643 2202 1675 in

326 1703 493 1749 XVvssaw
524 1709 554 1737 et
585 1716 650 1737 nou
680 1704 776 1737 ultra.
807 1716 884 1737 esse
915 1703 1096 1748 obligatum
1119 1709 1150 1737 et
1180 1703 1375 1737 obnoxium.
1407 1714 1444 1735 ae
1472 1702 1598 1736 debere
1618 1703 1755 1736 solvere.
1785 1702 1873 1736 dicto
1903 1702 2037 1736 domino
2057 1701 2202 1735 Johanni

327 1764 458 1798 ‹lc-cano
489 1770 518 1797 et
550 1765 638 1798 dieto
668 1776 728 1798 suo
764 1765 939 1798 decanatui
979 1770 1121 1810 quatuor
1158 1776 1288 1798 marcas
1318 1775 1517 1808 grossorum
1550 1764 1762 1797 denariorum
1793 1766 2009 1809 pragensium
2041 1765 2202 1797 moravici

328 1829 518 1870 paeanienti
559 1838 575 1858 a
616 1829 729 1871 primis
768 1838 784 1858 a
816 1825 944 1859 duobus
982 1829 1078 1859 annis
1108 1838 1125 1858 a
1157 1826 1209 1859 die
1239 1825 1413 1859 cuiusdam
1445 1829 1602 1870 preteuse
1632 1827 1903 1870 composicionis.
1932 1823 1971 1857 ad
2004 1834 2101 1869 quam
2131 1826 2202 1869 ipse

328 1887 477 1930 prelatus
509 1890 670 1926 magister
700 1886 867 1925 Georgius
906 1898 943 1919 se
980 1887 1102 1920 retulit.
1139 1890 1244 1920 tercio
1275 1897 1360 1919 vero
1390 1897 1478 1918 anuo
1511 1886 1652 1930 aliisque
1681 1885 1834 1918 omnibus
1864 1883 2080 1930 sequentibus
2108 1886 2203 1918 annis

329 1947 436 1980 dictus
469 1948 620 1981 domiuus
651 1947 778 1981 l'etrus.
810 1948 965 1992 quamdiu
996 1951 1026 1981 in
1064 1951 1131 1981 vita
1163 1959 1221 1981 sua
1252 1947 1423 1980 duraverit
1457 1951 1484 1979 ct
1521 1951 1633 1979 rector
1662 1958 1720 1979 scu
1751 1945 1913 1992 plebanus
1942 1946 2028 1979 dicte
2058 1945 2204 1979 ecclesie

330 2006 440 2041 fuerit.
482 2009 568 2041 «licto
608 2008 741 2042 domiuo
771 2008 915 2042 Jolianni
952 2013 984 2042 et
1023 2020 1084 2042 suo
1123 2009 1298 2042 decanatui
1330 2008 1442 2041 solvat
1472 2012 1501 2040 et
1533 2007 1671 2041 solvere
1701 2007 1868 2040 tenebitur
1897 2010 2042 2052 quinque
2072 2017 2204 2040 marcas

331 2068 495 2102 dictorum
532 2081 728 2108 grossorum
769 2073 798 2102 in
828 2074 1000 2104 terminis.
1041 2073 1070 2103 in
1111 2069 1228 2115 quibus
1267 2072 1336 2114 ipse
1377 2068 1464 2101 idem
1509 2069 1658 2114 prefatus
1695 2068 1847 2101 dominus
1885 2066 2054 2112 Georgius
2083 2069 2114 2100 in
2143 2077 2202 2101 sua

330 2130 456 2174 prelata
490 2135 645 2175 preti—usa
685 2134 855 2163 sentencia
891 2134 1126 2176 pronunciavit
1165 2135 1195 2163 et
1227 2133 1331 2175 ipsum
1363 2129 1533 2162 domiuum
1567 2129 1697 2162 l’etrum
1728 2129 1767 2162 ad
1798 2128 2005 2162 solucionem
2035 2127 2203 2162 condem-

330 2195 454 2234 pnavit.
499 2204 536 2223 ac
580 2192 745 2237 prelatum
791 2192 957 2225 domiuum
998 2191 1132 2224 Petrum
1178 2194 1283 2224 (uriam
1328 2189 1368 2223 ab
1413 2193 1625 2236 impetieione
1664 2190 1782 2236 prefati
1821 2190 1939 2223 decani
1970 2191 2205 2235 pronunciavit

330 2250 575 2285 absolvendum
608 2253 679 2286 l'ore
710 2257 739 2285 et
770 2252 910 2286 absolvit
943 2257 973 2285 et
1005 2264 1174 2298 expensas
1204 2254 1435 2296 compensavit
1469 2256 1499 2284 et
1531 2251 1592 2284 alia
1621 2251 1710 2285 l'ecit.
1744 2255 1838 2296 prout
1870 2253 1900 2284 in
1931 2249 2017 2283 dicta
2047 2253 2204 2295 pretensa

329 2317 503 2345 sentencia
537 2317 637 2358 ipsius
667 2317 868 2347 ‹·‹mtiin·tur.
912 2325 950 2346 ae
983 2317 1012 2347 in
1044 2316 1167 2346 ceteris
1199 2314 1319 2345 marcis
1350 2317 1378 2344 et
1413 2317 1558 2356 quatuor
1589 2311 1751 2358 lapidibus
1781 2314 1850 2357 sepi
1881 2322 1941 2357 pro
1971 2315 2065 2357 parte
2085 2308 2206 2356 prefati

329 2372 452 2405 domim
483 2375 599 2407 ‹li-cani
630 2375 780 2407 ‹li-«luctis
819 2379 849 2407 et
881 2378 910 2407 iu
949 2377 1082 2415 triginta
1113 2376 1297 2417 sexagenis
1327 2384 1526 2410 grossorum
1563 2376 1699 2406 racione
1729 2373 1948 2418 dampnorum
1978 2375 2011 2405 ct
2039 2374 2205 2405 interesse

329 2434 580 2479 condempnare
611 2435 754 2468 obuiisit.
788 2436 814 2469 A
839 2447 901 2480 qua
923 2435 1056 2480 quidem
1079 2436 1264 2476 sentencia,
1297 2436 1327 2466 in
1350 2438 1507 2477 quantum
1540 2434 1665 2467 faceret
1688 2437 1804 2467 contra
1827 2433 1995 2466 (lominum
2016 2431 2204 2466 dohannem

329 2493 492 2527 decanum
532 2501 560 2525 et
602 2507 695 2529 suum
733 2496 943 2529 decanatum.
984 2496 1039 2529 suit
1080 2496 1118 2528 ad
1156 2495 1271 2529 sedem
1310 2496 1608 2539 meti·opotitaiiaiii
1648 2499 1678 2527 et
1718 2494 1886 2528 (lominum
1918 2492 2142 2527 reverendum
2173 2495 2205 2526 in

329 2553 463 2587 Christo
506 2560 631 2600 patrem
676 2557 843 2589 dominum
884 2556 1089 2589 Sbiuconem
1134 2556 1185 2589 dei
1231 2557 1344 2599 gracia
1385 2555 1679 2601 archiepiscopum
1724 2554 1927 2597 l’raggensem
1959 2558 1988 2587 ct
2021 2552 2205 2600 apostolice

331 2616 419 2649 sedis
450 2616 593 2659 legatum
626 2620 787 2650 ‹·aiioiii(·e
809 2617 1008 2663 appellatum
1040 2621 1070 2649 et
1099 2617 1243 2662 apostoli
1275 2615 1358 2649 infra
1382 2621 1512 2661 tempus
1541 2615 1686 2649 debitum
1717 2618 1808 2661 petiti
1838 2620 1868 2648 et
1900 2617 2025 2660 recepti
2055 2618 2088 2648 et
2108 2612 2204 2648 vobis

332 2676 537 2711 honorabilis
573 2678 705 2710 ‹louiim-
737 2678 874 2711 Nicolae
911 2678 1125 2711 decretorum
1166 2678 1285 2711 doctor
1325 2676 1512 2710 liuius-modi
1544 2688 1642 2710 causa
1674 2676 1915 2722 appellzwiouis
1945 2686 2005 2721 per
2034 2685 2206 2709 reveren-
