2347 3153
1207 222 1280 256 536

303 326 346 360 ad
377 330 526 373 ipsorum
557 331 692 361 omnino
723 326 978 365 transferentes,
1019 326 1119 360 nichil
1145 327 1231 370 juris
1270 327 1419 360 utilitatis
1458 329 1673 373 proprietatis
1702 329 1776 361 sive
1815 327 1952 361 dominii
1990 326 2088 361 nohis
2124 330 2180 360 aut

303 391 428 421 nostris
457 388 657 433 sequacibus
687 391 717 421 in
749 393 900 421 eternum
931 392 1161 421 reservantes.
1193 387 1233 421 Et
1263 392 1296 420 ut
1327 390 1399 433 ipsa
1428 387 1586 421 vendicio
1616 392 1731 421 nostra
1762 392 1828 421 tam
1853 389 1944 432 juste
1965 392 1997 421 et
2016 390 2179 421 raciona-

302 447 414 483 biliter
444 449 531 483 facta
560 448 664 482 robur
693 453 855 495 perpetue
885 448 1006 482 habeat
1043 448 1218 482 firmitatis
1249 451 1490 482 renunciamus
1530 459 1696 494 expresse
1733 451 1823 482 omni
1861 451 1991 482 aceioni
2028 450 2061 482 in
2089 458 2179 483 con-

304 513 455 543 trarium.
487 512 685 555 excepcioni
724 512 853 543 statutis
891 510 1080 555 privilegiis
1119 508 1418 543 consuetudinibus
1459 512 1583 543 nostris
1613 514 1645 543 et
1674 512 1780 543 nostri
1809 509 1936 543 ordinis
1965 520 2024 544 seu
2054 509 2180 544 auxilio

307 573 548 615 cuiuscunque,
579 569 697 615 quibus
727 575 843 604 contra
873 573 1038 616 premissa
1068 581 1130 604 nos
1159 573 1190 604 in
1222 570 1366 604 futurum
1395 572 1520 615 juvare
1550 581 1728 616 possemus
1757 574 1878 615 quovis
1907 570 2006 605 modo
2036 569 2078 604 de
2102 571 2180 614 J‘ure

302 631 358 664 vel
389 632 429 665 de
461 632 560 674 facto,
591 635 639 665 sie
669 631 757 677 quod
787 631 883 665 nobis
913 636 943 665 et
974 634 1120 677 posteris
1149 634 1274 665 nostris
1303 634 1335 665 in
1370 632 1460 665 nullo
1490 634 1623 677 penitus
1652 631 1795 665 debeant
1820 631 2009 677 suffragari.
2038 631 2181 677 Insuper

303 703 365 726 nos
398 692 564 726 Gedrudis
595 692 762 726 abbatissa
793 697 908 726 nostro
947 703 1021 726 cum
1053 696 1223 726 conventu
1251 692 1452 738 supradicto
1492 695 1715 738 promittimus
1753 696 1887 726 sincera
1924 697 1957 726 et
1984 691 2072 726 bona
2101 691 2179 735 fide,

303 754 473 798 predictos
503 754 618 787 laneos
648 757 721 787 sive
751 765 874 787 census
903 758 934 787 et
965 753 1073 787 locum
1104 754 1181 787 ville
1211 756 1322 787 omnia
1355 758 1386 786 et
1416 754 1562 798 singula.
1592 758 1626 787 ut
1646 756 1859 799 premittitur.
1881 754 2029 797 vendita,
2049 764 2068 787 a
2088 763 2179 799 quo—

306 814 383 847 libet
415 814 550 848 homine
589 818 770 861 impetente
807 818 880 848 sive
921 814 1122 860 impediente
1153 825 1366 860 quocumque
1400 815 1478 858 jure
1518 814 1680 860 spirituali
1718 817 1792 848 sive
1830 815 1987 858 seculari,
2017 817 2178 849 tirannica

307 880 416 909 tamen
447 875 643 909 crudelitate
681 888 719 909 ac
758 878 910 921 potencia
950 876 1123 910 dumtaxat
1160 880 1317 921 excepta.
1359 874 1554 920 (lisbrigare
1593 875 1778 920 exbrigare
1807 879 1838 909 et
1868 875 2026 909 libertare
2054 877 2180 910 nostris

304 939 447 982 propriis
477 936 660 981 sumptibus
690 936 861 970 laboribus
891 941 920 969 et
952 939 1124 982 impensis.
1156 936 1191 971 ln
1221 938 1317 979 cujus
1347 939 1394 969 rei
1426 939 1651 970 testimonium
1673 941 1706 970 et
1726 936 1829 970 robur
1850 941 2012 982 perpetue
2030 935 2178 971 validum

304 998 412 1041 sigilla
442 997 648 1031 venerabilis
676 1001 706 1031 in
730 996 863 1031 Christo
884 1001 987 1043 patris
1008 1010 1046 1031 ac
1069 998 1193 1032 domini
1216 998 1338 1031 domiui
1362 997 1550 1032 Laczkonis
1571 1001 1721 1044 episcopi
1743 998 1988 1039 OlomucensiS‚
2010 997 2179 1032 abbatisse

305 1063 335 1091 et
367 1063 555 1092 conventus
585 1069 739 1092 sororum
770 1058 1050 1104 supradictarum.
1081 1070 1212 1093 necnon
1243 1058 1397 1103 gardiani
1428 1063 1459 1092 et
1491 1064 1679 1092 conventus
1709 1058 1848 1093 fratrum
1879 1062 2043 1093 minorum
2073 1061 2180 1094 sancti

307 1118 481 1153 Francisci
510 1123 698 1166 provocati.
729 1119 805 1153 huic
833 1119 930 1153 litere
960 1124 1034 1153 sunt
1065 1131 1212 1166 appensa
1234 1122 1265 1153 in
1291 1122 1516 1153 testimonium
1542 1122 1687 1153 omnium
1709 1122 1965 1166 premissorum.
1995 1120 2083 1154 Acta
2103 1124 2180 1155 sunt

305 1179 368 1213 hec
390 1192 448 1214 seu
471 1181 544 1214 data
567 1192 655 1214 anno
672 1181 794 1214 domini
813 1180 989 1214 millesimo
1006 1181 1339 1226 quadringentesimo
1357 1183 1499 1226 septimo
1518 1181 1600 1214 feria
1618 1180 1674 1214 Ill.
1693 1184 1724 1214 in
1741 1181 1793 1214 die
1809 1184 1956 1215 omnium
1973 1185 2176 1215 sanctorum.

614 1251 707 1285 (Oi-ig,
734 1251 815 1285 Perg,
843 1252 858 1274 Γ)
886 1261 920 1275 ;ιιι
949 1252 1077 1283 Pergam,
1104 1252 1226 1277 Streifen
1253 1252 1279 1279 li.
1306 1252 1364 1285 Sig.
1391 1253 1426 1277 ini
1453 1252 1605 1277 fiii-sterni).
1631 1252 1755 1277 Art-hiw-
1780 1252 1807 1277 in
1834 1248 2004 1290 Kremsier.)

1193 1416 1300 1452 499.

307 1485 474 1519 Heinrich
506 1496 568 1518 con
600 1485 806 1529 Ros-eubery
834 1486 986 1519 schreibt
1015 1499 1059 1520 an
1092 1486 1282 1520 Bernhard
1312 1498 1374 1520 rou
1404 1487 1649 1521 Lieletenstein.
1680 1488 1762 1521 class
1793 1499 1832 1521 er
1860 1487 1925 1520 ihm
1955 1488 2025 1521 und
2051 1489 2179 1521 seinem

307 1546 446 1580 Brmler
475 1546 598 1579 Hamas
629 1559 692 1579 ron
724 1547 928 1590 Boseubery
959 1550 1056 1580 eiiwn
1083 1548 1154 1592 Tris]
1186 1560 1247 1582 z-etr
1274 1548 1466 1593 Beileyuuy
1495 1549 1555 1582 des
1585 1549 1752 1582 z-wiscleen
1784 1548 1916 1583 Beiden
1946 1548 2177 1583 bestellenden

638 1608 856 1652 Slreilfalles
885 1608 1082 1642 bestimmeu
1114 1609 1223 1643 vrolle.
1258 1608 1315 1643 ΠΙ.
1347 1610 1381 1642 sl.
1414 1609 1608 1643 Noremher
1640 1609 1736 1643 1407
1766 1622 1792 1643 s.
1824 1610 1845 1644 l.

463 1675 606 1729 Eucti—r
634 1696 699 1729 und
731 1696 838 1730 lieber
866 1708 1006 1741 swager
1034 1708 1098 1730 vor
1118 1701 1235 1731 wisset
1258 1700 1345 1731 mein
1370 1697 1571 1731 l'reuntleich
1593 1698 1716 1731 dienst.
1746 1697 1808 1732 Als
1829 1700 1858 1731 ir
1877 1700 1940 1731 mir
1959 1696 2183 1732 versehrihen

301 1756 378 1790 habt
412 1769 478 1790 von
509 1769 632 1794 wessen
664 1758 724 1790 cles
755 1757 894 1791 handels
923 1758 1096 1792 zwischen
1128 1758 1212 1792 euch
1244 1770 1285 1792 an
1316 1761 1381 1791 aim
1414 1758 1468 1792 tail
1500 1759 1564 1792 und
1596 1762 1702 1792 meins
1731 1759 1873 1804 pruders
1903 1758 2005 1793 herrn
2025 1758 2182 1793 Hanssen

304 1818 364 1851 ‹les
386 1820 534 1861 J'ungern
558 1830 623 1851 von
646 1818 857 1852 Newnhaws
887 1819 960 1852 <lem
983 1819 1110 1852 andern
1143 1819 1208 1852 tail.
1239 1819 1310 1853 also
1343 1820 1413 1853 lass
1444 1819 1496 1853 ich
1526 1830 1586 1853 eur
1614 1819 1835 1854 freuntschast
1864 1823 2006 1863 wissen‚
2031 1820 2108 1854 dass
2128 1819 2181 1854 ich

302 1878 445 1912 dorumb
477 1879 703 1913 ‹·rnstleiche11
734 1880 797 1913 und
830 1880 919 1913 lleiss
949 1881 1067 1917 Herodi
1099 1880 1175 1914 han.
1219 1880 1293 1914 Nun
1326 1880 1383 1913 hat
1414 1892 1452 1914 er
1487 1884 1548 1914 mir
1577 1893 1616 1914 ze
1646 1886 1793 1914 antwurt
1820 1881 1944 1925 geben..
1973 1880 2016 1915 ob
2045 1881 2104 1915 das
2133 1883 2183 1915 sei

303 1939 381 1973 dass
412 1944 439 1973 ir
470 1940 544 1973 umh
575 1940 627 1973 die
657 1940 749 1974 sach.
781 1941 833 1974 (lie
863 1952 900 1974 ei·
929 1952 995 1977 gen
1026 1941 1110 1975 euch
1142 1941 1209 1976 hat.
1245 1945 1276 1975 in
1308 1941 1394 1975 auch
1437 1941 1609 1975 herwider
1639 1954 1702 1975 vor
1732 1945 1819 1976 mein
1848 1942 1962 1976 wellet
1990 1941 2182 1976 ausrichten

305 2002 367 2034 und
400 2013 515 2045 genug
545 2006 622 2035 tuen
653 2002 712 2035 aus
738 2002 791 2035 (lie
820 2001 970 2046 selbigvn
1003 2007 1069 2047 tag.
1101 2003 1153 2036 (lie
1183 2002 1235 2036 ich
1267 2002 1352 2036 «euch
1387 2002 1594 2037 hesi-haiden
1623 2004 1746 2038 wurdt.
1775 2015 1812 2037 so
1834 2003 1904 2037 will
1925 2014 1964 2037 er
1983 2003 2043 2038 des
2063 2002 2183 2037 hindei·

302 2061 391 2095 mich
424 2074 501 2099 gen.
532 2066 601 2095 sust
632 2067 771 2096 vurstvn
802 2063 853 2096 ich
889 2063 990 2096 nicht.
1022 2064 1098 2097 (lass
1136 2075 1173 2097 er
1210 2063 1269 2097 das
1309 2069 1396 2097 tuem
1428 2064 1520 2098 well.
1579 2064 1733 2098 Dorumb
1764 2064 1869 2098 heber
1896 2075 2036 2109 swager
2063 2067 2128 2098 seit
2154 2067 2183 2098 ir

300 2127 444 2156 nit-inem
476 2123 599 2168 pruder
630 2123 730 2157 hvrrn
762 2124 915 2157 llanssen
948 2124 1033 2157 ichtz
1063 2125 1213 2170 pilichtiff
1245 2125 1308 2158 und
1341 2128 1378 2158 ist
1412 2137 1471 2159 eur
1502 2129 1673 2167 mamnng.
1699 2126 1776 2160 dass
1797 2129 1824 2159 ir
1845 2129 1886 2159 im
1907 2124 2048 2160 dorumb
2067 2125 2184 2160 wellet

300 2195 417 2225 gnung
448 2184 510 2216 nm!
551 2187 603 2216 vin
645 2186 904 2229 ausrichtigung
942 2190 1030 2219 tiu-n.
1071 2185 1155 2219 auch
1187 2197 1251 2219 vor
1281 2189 1368 2219 mein
1410 2197 1450 2220 an
1481 2186 1713 2226 ‹lemselbiffen
1744 2191 1812 2232 lag.
1851 2187 1915 2220 den
1945 2186 1997 2221 ich
2026 2186 2112 2221 euch
2141 2198 2182 2221 zu

301 2246 420 2289 peiclen
452 2248 557 2278 svium
589 2245 724 2290 sproecli.
755 2257 792 2278 so
823 2245 922 2279 lasset
960 2246 1043 2279 euch
1076 2246 1135 2279 (las
1172 2246 1282 2280 wider
1312 2250 1437 2281 wissen
1471 2246 1656 2282 kurzleich.
1686 2259 1723 2281 so
1753 2248 1811 2281 wil
1839 2247 1892 2281 ich
1922 2247 2007 2282 euch
2037 2247 2096 2282 des
2124 2250 2178 2282 ein

303 2310 357 2344 tag-
389 2306 577 2342 lwnvnnvn,
610 2307 672 2339 unil
704 2306 786 2340 etich
818 2307 941 2340 doraui'
967 2311 1053 2340 mein
1088 2308 1188 2345 nelei!
1230 2307 1383 2342 schihen.
1415 2308 1462 2342 als
1493 2312 1519 2342 ir
1549 2308 1607 2342 des
1647 2308 1778 2353 lwgert.
1819 2308 1938 2342 Datum
1970 2308 2052 2342 seria
2082 2312 2178 2343 sexta

302 2372 372 2411 post
405 2370 549 2400 omnium
581 2372 772 2400 sanctornm
804 2379 892 2401 anno
922 2373 985 2401 etc.
1020 2366 1108 2401 N'll‘).

1580 2430 1760 2464 llainreich
1792 2431 1832 2464 de
1863 2429 2124 2475 Rosenbergkh.

457 2491 525 2525 (An
562 2489 723 2522 Bernhart
756 2500 820 2522 von
853 2489 1111 2523 Lichtenstein.»

614 2560 706 2588 (tn-ig,
735 2560 768 2584 iii·
798 2560 993 2591 Witiingranrr
1019 2561 1143 2585 ‘tn-hivae
1156 2563 1181 2589 'ff
