2347 3153
1295 199 1368 232 392

395 299 618 346 presbyteris.
650 302 793 336 clericis.
825 306 962 336 notariis
993 307 1021 335 et
1054 302 1289 335 tabellionibus
1319 302 1459 348 publicis
1489 303 1742 350 quibuscunque
1772 317 1832 351 per
1852 307 2022 340 civitatem
2044 311 2076 340 et
2096 306 2266 341 diocesem

396 361 654 396 Olomucensem
686 368 715 396 et
747 364 827 397 alias·
866 364 999 397 ubilibet
1038 366 1224 397 consumtis
1261 368 1291 397 et
1330 363 1464 398 cuilibet
1501 370 1652 399 vestrum
1692 369 1722 399 in
1758 366 1911 405 solidum,
1943 367 1984 401 ad
2013 378 2111 412 quem
2140 367 2197 402 vel
2225 367 2266 401 ad

394 433 477 467 quos
507 428 682 468 presentes
712 429 825 458 nostre
863 425 957 458 litere
994 427 1225 470 pervenerint.
1267 425 1407 458 salutem
1438 428 1469 459 in
1501 425 1635 460 domino
1666 431 1697 460 et
1726 427 1938 473 presentibus
1968 427 2066 462 tidem
2096 427 2265 463 indubiam

394 483 567 517 adhibere.
599 484 782 518 Noveritis.
824 486 910 530 quod
949 496 1054 530 nuper
1084 488 1314 519 sanctissimus
1352 489 1383 519 in
1415 486 1549 521 Christo
1579 491 1674 533 pater
1703 493 1735 521 et
1765 488 1916 522 dominus
1946 493 2072 531 noster,
2113 489 2266 523 dominus

397 544 618 578 innocencius
649 546 761 579 ‹tivina
801 546 1017 592 providencia
1062 558 1145 592 papa
1185 550 1357 592 septinuis.
1397 549 1563 593 quandam
1608 551 1854 583 commissionis
1890 552 1963 583 sive
2007 550 2265 596 supplicacionis

396 606 546 639 cedulam
584 606 678 639 nobis
718 618 777 653 per
816 612 940 640 certum
981 619 1076 641 suum
1116 619 1290 641 cursorem
1332 613 1518 655 presentari
1549 609 1640 645 fecit.
1671 621 1767 655 quam
1798 621 1859 643 nos
1889 621 1963 644 cum
1993 622 2033 644 ea
2063 621 2127 656 qua
2157 610 2268 645 decuit

397 670 595 699 reverencia
635 672 822 713 reci-pinnis
861 667 921 701 sub
958 668 1019 701 biis
1058 669 1191 702 verbis:
1232 668 1432 703 Beatissimo
1470 675 1575 716 pater.
1615 670 1691 704 licet
1729 670 1850 704 dudum
1889 671 2116 717 predecessor
2152 676 2269 706 vester

396 727 606 760 immediatus
637 731 792 761 unionem
833 733 862 761 et
902 732 1217 775 iueorpcwacionem
1246 729 1498 764 venerabilibus
1534 735 1564 764 et
1605 731 1772 776 religiosis
1802 730 1998 765 dominabus
2038 731 2207 767 abbatisse
2236 737 2269 767 et

396 792 576 821 conventui
609 792 801 822 monasterii
831 790 927 823 vallis
957 795 1073 823 sancte
1093 790 1200 824 Mai-ic
1230 791 1270 824 de
1292 790 1430 825 Oslavia
1447 792 1573 825 ordinis
1595 792 1830 826 Cisterciensis
1852 791 2086 826 Olomucensis
2107 793 2265 837 diocesis,

396 849 436 882 dc
476 849 675 894 parrochiali
715 850 859 884 ecclesia
900 854 1004 884 sancti
1045 851 1160 885 Jacobi
1199 852 1240 885 de
1279 851 1386 895 burgo
1416 851 1604 886 Brunnensi
1643 853 1793 897 ejusdcm
1834 852 1979 886 diocesis
2009 864 2083 887 cum
2113 853 2267 888 omnibus

391 910 521 952 juribus
553 916 581 943 et
604 914 820 956 pertinenciis
841 915 909 946 suis
932 913 1036 945 l'actas
1058 915 1271 946 innovaverit
1293 917 1392 958 atque
1413 917 1616 947 executores
1637 918 1750 947 certos
1777 924 1892 948 corum
1914 917 2058 960 propriis
2078 913 2267 948 nominibus
2318 939 2321 941 >

396 982 460 1004 non
492 976 662 1017 expressis
693 984 765 1006 cnm
797 973 847 1006 illa
887 974 1045 1007 clausula.
1088 978 1275 1019 „quatenus
1305 984 1367 1007 vos
1406 974 1460 1007 vel
1497 974 1562 1007 duo
1592 979 1646 1008 aut
1676 986 1759 1008 unus
1790 976 1964 1009 vestrum“
1996 979 2058 1009 etc.
2098 975 2138 1009 ad
2177 985 2267 1009 exe-

397 1033 562 1076 quendum
607 1036 864 1067 immvacionem
912 1036 1052 1068 eandem
1101 1035 1311 1080 deputaverit
1355 1040 1386 1068 ct
1430 1047 1629 1080 quamquam
1674 1035 1878 1069 venei-abilis
1921 1040 1953 1069 et
1994 1036 2175 1081 religiosus
2215 1038 2269 1070 vir

396 1093 548 1126 dominus
571 1093 731 1127 Patricius
762 1094 864 1128 abbas
896 1099 1089 1129 monasterii
1120 1096 1217 1129 beate
1238 1096 1345 1130 Mai-ie
1376 1096 1553 1130 Scotorum
1577 1097 1617 1130 de
1638 1096 1797 1143 iVyenna
1820 1097 1947 1131 ordinis
1967 1099 2073 1131 sancti
2093 1096 2269 1131 Benedicti

398 1153 603 1187 Patavicnsis
641 1156 796 1189 diocesis.
836 1168 918 1190 unus
958 1168 1001 1190 ex
1040 1157 1280 1191 executoribus
1319 1157 1446 1191 eisdem
1486 1161 1630 1203 receptis
1667 1157 1770 1191 literis
1812 1160 2046 1192 innovacionis
2082 1157 2269 1192 huiusmodi

396 1226 576 1260 processus
606 1217 743 1262 penales
773 1221 804 1251 in
834 1219 1102 1252 contradictores
1132 1218 1297 1264 quoslibet
1322 1224 1352 1252 et
1374 1218 1518 1252 rebelles
1538 1218 1739 1255 fulminavit.
1763 1218 2036 1264 venerabilisque
2056 1223 2090 1252 et
2109 1218 2267 1264 religiosa

395 1277 525 1310 domina
558 1278 731 1312 Dorothea
762 1279 928 1313 abbatissa
960 1284 990 1313 et
1022 1284 1210 1313 conventus
1239 1280 1335 1313 vallis
1364 1284 1481 1313 sancte
1510 1280 1616 1313 Mario
1646 1280 1806 1313 moderne
1836 1282 2134 1325 incorporacionis⁷
2164 1282 2268 1314 inno-

395 1341 546 1371 vacionis
577 1344 605 1372 et
638 1351 856 1385 processuum
888 1344 1129 1386 premissorum
1160 1346 1318 1387 pretextu
1347 1344 1597 1386 possessionem
1627 1341 1714 1374 dicte
1744 1340 1964 1386 parrochialis
1993 1341 2138 1375 ecclesie
2166 1351 2268 1375 asse-

396 1404 470 1431 cute
501 1401 640 1434 eandem
673 1412 731 1446 per
761 1402 916 1435 nonnulla
948 1407 1098 1448 tempora
1129 1405 1397 1436 continuaverint
1429 1402 1567 1447 pacifice
1597 1406 1627 1435 et
1658 1405 1781 1447 quiete.
1812 1406 1922 1435 tamen
1951 1401 2166 1436 venerabiles
2190 1404 2266 1445 viri,

396 1461 547 1494 dominus
579 1461 744 1495 Ditwinus
765 1468 906 1507 protunc
929 1467 1116 1509 prepositus
1137 1475 1176 1496 ac
1198 1463 1372 1497 Conradus
1395 1462 1616 1497 Smeerbeck.
1638 1462 1797 1496 Nicotaus
1819 1462 1982 1497 Obiczass
2003 1462 2081 1509 (sic)
2104 1467 2137 1496 et
2165 1462 2268 1497 Licko

395 1525 566 1567 ceterique
596 1526 748 1557 canonici
780 1528 808 1557 et
840 1525 1017 1570 capitulum
1049 1525 1196 1558 ecclesie
1226 1527 1332 1558 sancti
1363 1524 1449 1557 Petri
1482 1524 1687 1557 Brunnensis
1727 1524 1877 1568 ejusdem
1908 1524 2065 1567 diocesis,
2103 1534 2208 1570 penas
2237 1529 2270 1558 et

395 1593 556 1616 censuras
587 1587 616 1617 in
647 1584 772 1618 eisdem
806 1585 1020 1631 processibus
1050 1590 1224 1620 contentas
1254 1589 1285 1619 in
1316 1585 1501 1619 delubrium
1533 1586 1750 1624 deducentes.
1781 1597 1818 1619 se
1848 1588 2141 1632 iucorporacioni,
2162 1588 2265 1620 inno-

399 1646 528 1677 vacioni
560 1649 591 1677 et
621 1649 831 1680 assecucioni
863 1650 1036 1692 premissis
1067 1652 1194 1681 temere
1224 1651 1255 1680 et
1285 1647 1325 1680 de
1355 1646 1444 1680 facto
1474 1651 1703 1692 opposuerunt
1732 1652 1763 1680 et
1792 1646 1930 1680 cosdem
1961 1646 2129 1681 dominam
2149 1645 2268 1680 Doro-

396 1704 506 1737 theam
537 1705 738 1740 abbatissam
770 1712 799 1739 et
830 1712 1032 1741 conventum
1065 1712 1258 1742 monasterii
1287 1708 1385 1741 vallis
1415 1712 1530 1741 sancte
1559 1708 1665 1742 Marie
1695 1708 1736 1741 de
1761 1708 1898 1742 ‹isliu-ia
1930 1707 2050 1742 favore
2079 1709 2267 1742 inordinato

396 1765 518 1798 domini
551 1767 711 1800 Bernardi
751 1768 880 1802 abbatis
920 1772 1112 1803 monasterii
1143 1769 1466 1806 Zawordinicensis.
1499 1768 1819 1803 Premonstratensis
1848 1768 1974 1802 ordinis
2013 1768 2100 1802 dicte
2120 1767 2266 1802 Olomu-

397 1830 506 1860 reiis-is
538 1828 682 1861 diocesis
713 1830 832 1862 suffulti
864 1833 892 1863 in
924 1841 1058 1864 causam
1091 1835 1277 1865 traxerunt.
1312 1830 1487 1875 dictusque
1517 1829 1697 1875 Dytwinus
1727 1832 1930 1876 prepositus,
1960 1833 2134 1875 postquam
2164 1839 2267 1863 causa

398 1888 583 1922 huiusmodi
615 1890 653 1923 ad
685 1902 856 1924 romanam
898 1895 1022 1924 curiam
1064 1892 1211 1937 legitime
1241 1891 1411 1925 devoluta.
1443 1896 1472 1923 et
1505 1895 1598 1924 certo
1629 1894 1734 1924 vestri
1763 1893 1850 1924 sacri
1880 1889 2057 1936 apostolici
2087 1900 2266 1924 causarum

397 1949 514 1994 palacii
546 1951 686 1984 auditori
717 1952 881 1985 audienda
922 1956 1100 1986 commissa
1140 1956 1259 1986 extitit.
1300 1951 1436 1985 easdem
1468 1952 1619 1985 dominas
1649 1951 1855 1985 Dorotheum
1886 1950 2087 1985 abbatissam
2117 1955 2150 1984 et-
2178 1961 2268 1985 con-

397 2016 542 2045 ventum.
575 2024 613 2044 ac
643 2017 770 2046 certum
794 2025 909 2047 eorum
935 2014 1180 2060 cappellanum.
1212 2014 1371 2047 videlicet
1401 2013 1568 2046 domiuum
1590 2011 1765 2046 Nicolaum
1787 2011 1919 2048 l'alaclu
1947 2016 2116 2046 rectorem
2137 2011 2267 2057 capelle

396 2075 498 2105 sancti
531 2072 657 2106 Nicotai
689 2077 718 2107 in
751 2073 896 2107 Brmma.
935 2078 1009 2120 quia
1042 2078 1147 2120 ipsum
1179 2086 1282 2120 penas
1312 2079 1343 2107 et
1373 2085 1536 2107 censuras
1566 2076 1596 2106 iu
1627 2072 1842 2119 processibus
1873 2073 1949 2106 dicti
1979 2073 2104 2106 domini
2134 2071 2267 2106 Patricii

397 2132 524 2165 abbatis
562 2138 754 2167 monasterii
796 2134 893 2168 beate
924 2135 1030 2169 Marii·
1061 2136 1240 2169 Scotorum
1280 2136 1320 2169 de
1350 2135 1510 2181 lVyenna
1549 2139 1724 2168 contentas
1763 2133 1922 2167 incidisse
1958 2133 2126 2167 declarari
2165 2137 2198 2167 et
2235 2137 2269 2166 ut

398 2194 493 2226 tali-m
526 2195 655 2240 publice
686 2196 880 2229 denunciari
919 2197 1069 2230 iecerunt
1107 2201 1137 2229 et
1176 2201 1396 2242 procurarunt
1436 2207 1496 2241 per
1531 2200 1683 2241 patentes
1720 2195 1834 2228 literas
1872 2195 1949 2228 dicti
1986 2194 2110 2228 domini
2139 2193 2268 2227 abbatis

397 2253 715 2290 Zaxwirdinicensis.
748 2257 833 2290 nulla
856 2268 956 2303 super
978 2257 1040 2291 hoc
1062 2260 1261 2291 auctoritate
1283 2257 1429 2298 legitima
1451 2256 1584 2297 sull'ulti,
1607 2261 1639 2290 ut
1661 2268 1677 2289 a
1700 2256 1966 2289 denunciacimie
1987 2258 2058 2301 ipsa
2080 2257 2266 2298 cessarent,

398 2319 518 2359 requiri
551 2322 578 2348 et
613 2321 739 2351 moneri
771 2323 870 2363 atque
900 2319 1036 2352 eosdem
1068 2321 1173 2351 eciam
1213 2322 1328 2352 contra
1360 2322 1391 2350 et
1421 2322 1493 2363 post
1525 2318 1788 2364 appellacioncm
1819 2316 1860 2350 ab
1890 2315 2079 2350 huiusmodi
2107 2319 2266 2362 pretensa

400 2379 586 2409 monii-ioue
625 2378 662 2410 ad
704 2379 824 2412 dictum
866 2380 1143 2425 predecessorem
1184 2383 1215 2412 et
1254 2383 1402 2412 sanctam
1442 2379 1556 2412 sedem
1595 2377 1812 2424 apostolicam
1843 2378 1991 2422 legitime
2020 2378 2263 2422 interpositam,

399 2439 502 2468 veiam
536 2443 707 2483 postquam
739 2451 838 2472 rausa
869 2440 1107 2486 appellat-ionis
1147 2445 1179 2472 et
1209 2443 1311 2485 ipsius·
1350 2443 1481 2483 negocii
1522 2439 1711 2485 principalis
1750 2438 1788 2471 ad
1823 2437 1993 2472 Dorothee
2031 2436 2201 2471 abbatisse
2229 2440 2262 2470 et

398 2502 583 2530 couvi-utus
615 2504 642 2531 et
668 2499 794 2533 Nicolai
827 2501 1051 2546 predii-torma
1084 2503 1278 2534 instanciam
1311 2500 1494 2533 venerabili
1525 2505 1554 2533 et
1577 2503 1822 2544 circumspecto
1845 2502 1918 2532 viro
1939 2498 2073 2532 domino
2092 2497 2267 2532 Jeronimo

403 2558 615 2601 Spicula-ra.
641 2561 716 2593 dicti
743 2565 844 2594 vestri
876 2564 961 2594 sacri
993 2561 1165 2606 apostolici
1197 2572 1372 2594 causarum
1404 2561 1522 2607 palacii
1552 2560 1692 2593 auditori
1724 2562 1901 2592 commissu
1933 2559 2052 2602 l'uerat,
2082 2568 2156 2592 cum
2183 2569 2268 2604 par-

401 2619 608 2663 ticipantibus
640 2626 667 2650 et
701 2621 938 2655 adherentibus
969 2627 997 2654 et
1030 2624 1220 2655 nominatim
1260 2633 1333 2655 cum
1376 2621 1625 2655 honorabilibus
1662 2623 1742 2654 viris
1780 2621 1921 2653 dominis
1950 2619 2078 2653 Jacobo
2107 2619 2270 2661 Uremsir‚

404 2677 522 2715 limiti«,
553 2685 579 2710 ‹·t
613 2681 802 2715 t‘hristiano
834 2683 872 2714 di·
906 2682 1050 2715 Brutum.
1082 2682 1210 2715 Jacobo
1241 2683 1281 2715 de
1311 2683 1420 2715 (issia.
1454 2682 1565 2716 Uti-ivo
1596 2681 1773 2717 Gracialis,
1805 2680 1903 2715 Petro
1925 2681 2098 2726 SymoMs,
2127 2678 2268 2729 Nicolao
