2347 3153
1017 241 1064 272 65

95 348 264 392 episcopis
293 345 468 380 abbatibus
498 344 667 391 prioribus
697 348 877 391 prepositis
903 345 1040 378 decanis
1061 344 1247 378 scolasticis
1269 344 1489 378 thesaurariis
1510 345 1759 379 archidiaconis
1781 345 1981 379 officialibus

96 405 302 442 cantoribus.
333 411 398 440 tam
428 406 670 441 cathedralium
700 404 798 453 quam
838 406 1093 451 collegiatarum
1123 411 1356 452 exemptarum
1386 411 1417 440 et
1445 417 1512 440 non
1544 412 1778 452 exemptarum
1810 407 1980 440 ecclesia-

98 478 182 505 rum,
222 470 394 502 canonicis
430 471 600 513 magistris
638 471 796 502 ministris
824 466 1090 514 provincialibus
1119 466 1315 500 custodibus
1345 466 1511 513 prioribus
1540 467 1714 512 gardianis
1735 467 1981 501 eeclesiarum-

99 539 165 574 que
192 528 436 575 parochialium
473 529 662 563 rectoribus
691 529 874 576 capellanis
904 527 1114 575 presbyteris
1144 528 1278 561 clericis
1308 532 1338 561 et
1369 531 1508 562 notariis
1537 527 1678 574 publicis
1717 528 1982 574 quilmscunque,

100 599 162 635 per
189 588 498 635 Salczburgensem
528 590 737 635 Pragensem
767 590 1040 635 Strigoniensem
1070 593 1101 622 et
1131 593 1264 622 ceteras
1294 592 1490 635 provincias
1511 600 1550 622 ac
1579 592 1735 623 civitates
1765 594 1794 623 et
1826 590 1981 623 dioceses

99 650 310 697 supradictas
339 656 370 685 et
400 651 482 685 alias
512 651 649 686 ubilibet
681 654 870 686 constitutis
899 655 929 684 et
961 661 1078 684 eorum
1109 649 1243 684 cuilibet
1274 650 1449 684 insolidum
1480 661 1580 696 supra
1601 650 1751 684 ulteriori
1773 653 1983 684 execucione

100 711 178 746 dicti
207 712 352 746 mandati
383 713 558 759 apostolici
588 718 687 759 atque
716 716 822 747 nostri
851 712 1005 746 facienda
1044 714 1260 758 presencium
1291 715 1408 745 tenore
1433 711 1583 757 plenarie
1617 715 1855 745 committimus
1889 715 1983 746 vices

99 777 244 817 nostras,
275 773 385 808 donec
414 785 472 808 eas
501 775 541 808 ad
572 785 634 808 nos
663 774 860 808 duxerimus
890 774 1124 807 revocandas:
1155 775 1272 818 eisque
1302 777 1332 806 et
1363 771 1495 806 cuilibet
1519 783 1634 806 eorum
1667 776 1698 806 in
1719 776 1845 806 virtute
1866 778 1983 807 sancte

100 834 300 869 obediencie
329 839 360 869 et
398 835 460 869 sub
495 838 864 870 excommunicacionis
903 846 1001 881 pena.
1039 845 1136 880 quam
1177 837 1208 867 in
1247 844 1307 867 eos
1343 838 1373 867 et
1411 844 1527 867 eorum
1564 833 1758 879 quemlibet.
1796 835 1882 868 dicta
1921 846 1983 869 sex

99 895 229 930 dierum
259 899 422 931 canonica
452 900 644 931 monicione
672 900 849 943 premissa.
879 907 1014 930 exnunc
1045 900 1141 942 prout
1172 899 1297 929 extunc
1327 899 1357 929 et
1388 900 1512 929 extunc
1552 901 1647 941 prout
1677 907 1813 929 exnunc
1843 896 1981 930 ferimus

101 959 132 991 in
161 956 226 991 hiis
254 961 397 1004 scriptis.
456 958 492 992 Si
528 970 602 992 cum
633 969 705 1004 pror
733 963 827 1004 parte
862 958 1026 992 dictarum
1064 956 1234 990 abbatisse
1273 961 1305 990 et
1344 961 1533 990 conventus
1570 956 1700 990 fueritis
1737 960 1888 1002 requisiti
1927 958 1982 991 vel

100 1028 218 1052 eorum
248 1018 332 1052 alter
361 1019 460 1053 fuerit
491 1023 684 1065 requisitus.
706 1031 758 1054 ea.
779 1031 844 1065 que
864 1021 913 1053 eis
934 1023 1104 1052 eteorum
1135 1017 1268 1051 cuilibet
1296 1021 1533 1051 committimus
1555 1023 1587 1051 et
1618 1019 1824 1052 mandamus.
1856 1019 1981 1063 negle-

100 1082 213 1114 xerint
242 1079 429 1114 distulerint
460 1081 514 1115 vel
543 1082 808 1115 contradixerint
839 1078 1087 1126 quomodolibet
1119 1079 1314 1125 adimplere.
1346 1079 1496 1113 districte
1526 1080 1743 1125 precipiendo
1774 1080 1983 1114 mandantes.

99 1145 266 1186 quatenus
294 1143 355 1188 ipsi
385 1142 440 1176 vel
470 1142 555 1176 alter
584 1154 714 1176 eorum.
745 1145 799 1188 qui
828 1152 888 1188 pro
917 1146 1013 1188 parte
1043 1140 1205 1174 dictarum
1239 1168 1244 1174 .
1278 1168 1284 1174 .
1316 1140 1486 1174 abbatisse
1516 1145 1545 1174 ct
1577 1146 1779 1178 conventus.
1807 1146 1838 1175 ut
1860 1142 1982 1176 dietum

99 1206 163 1246 est,
191 1205 342 1248 requisiti
381 1202 506 1237 fuerint
535 1204 588 1237 vel
620 1203 718 1237 suerit
749 1205 940 1249 requisitus.
971 1202 1094 1236 dictum
1126 1207 1275 1236 nostrum
1306 1212 1503 1247 processum
1535 1201 1790 1246 intelligibiliter
1819 1205 1925 1236 eciam
1956 1205 1982 1236 si

99 1263 248 1310 expedit,
279 1263 466 1309 vulgariter
496 1264 637 1299 vocibus
667 1267 830 1298 soronisis
859 1263 946 1309 (sic)
976 1263 1130 1297 omnibus
1161 1262 1278 1296 diebus
1309 1262 1486 1296 dominicis
1515 1267 1545 1296 et
1578 1263 1710 1297 festivis
1743 1263 1827 1297 infra
1857 1266 1983 1297 missa-

100 1336 173 1360 rum
202 1325 388 1372 solempnia
427 1331 460 1360 et
497 1326 723 1361 sermonibus.
763 1337 837 1360 cum
876 1326 1018 1372 populus
1054 1324 1095 1359 ad
1131 1325 1244 1358 divina
1283 1327 1496 1358 convenerit.
1533 1327 1564 1358 iu
1603 1336 1720 1358 eorum
1757 1325 1912 1359 ecclesiis
1951 1330 1981 1359 et

101 1386 325 1421 conventibus
360 1387 513 1433 collegiis
551 1389 706 1434 capitulis
744 1386 1075 1433 congregacionibus
1117 1391 1148 1420 et
1187 1384 1498 1419 convocacionibus
1539 1385 1709 1431 publicent
1751 1391 1781 1419 et
1826 1385 1982 1432 publicet.

103 1447 277 1483 declarent
306 1453 339 1483 et
367 1449 529 1492 declaret,
559 1449 743 1483 observent
773 1454 804 1483 et
835 1448 1008 1483 observet.
1039 1452 1071 1481 et
1100 1447 1188 1493 quod
1218 1446 1295 1481 dicti
1324 1450 1428 1481 nostri
1459 1458 1640 1493 processus
1671 1451 1768 1480 tenor
1797 1452 1827 1480 et
1849 1447 1980 1492 singula

103 1514 261 1544 contenta
291 1513 323 1544 in
352 1511 472 1545 eodem
502 1511 542 1545 ad
580 1514 739 1557 prepositi
779 1510 1067 1555 singulariumque
1105 1519 1326 1555 personarum
1364 1508 1441 1542 dicti
1481 1508 1613 1554 capituli
1652 1510 1758 1554 ipsum
1795 1519 1984 1554 represen—

103 1573 248 1606 tancium
291 1582 332 1605 ac
369 1570 516 1606 Conradi
560 1571 750 1606 Smerbeck
792 1571 1020 1618 predictorum
1064 1580 1104 1603 ac
1146 1572 1292 1603 omnium
1336 1574 1365 1603 et
1409 1569 1618 1614 singulorum
1663 1572 1836 1615 utriusque
1879 1580 1983 1603 sexus

102 1632 272 1667 hominum
316 1632 598 1680 parochianorum
642 1633 728 1667 dicte
771 1633 919 1667 ecclesie
961 1637 993 1665 et
1036 1632 1176 1665 aliorum
1219 1642 1508 1677 quorumcunque.
1547 1642 1631 1676 quos
1669 1634 1838 1677 presentis
1878 1634 1982 1665 nostri

105 1704 287 1741 processus
316 1697 436 1729 merito
465 1694 720 1741 comprehendit
751 1694 912 1729 cohercio
942 1698 971 1727 et
1003 1704 1086 1739 quos
1125 1693 1180 1726 vel
1216 1704 1315 1738 quem
1349 1704 1560 1726 concernere
1598 1696 1732 1738 poterit.
1769 1693 1809 1726 ad
1846 1692 1983 1726 indubi-

101 1760 203 1790 tatam
232 1758 391 1791 noticiam
421 1756 650 1790 verisimiliter
679 1756 811 1790 valeant
841 1758 1035 1802 pervenire.
1065 1766 1107 1788 ne
1138 1758 1198 1800 ipsi
1228 1754 1283 1788 vel
1313 1757 1460 1800 ipsorum
1492 1754 1577 1787 alter
1606 1757 1848 1800 premissorum
1879 1757 1983 1799 igno-

103 1819 251 1851 ranciam
280 1817 484 1863 pretendere
522 1828 582 1851 seu
619 1817 858 1851 dissimulatam
899 1816 1064 1861 quandam
1100 1815 1278 1862 reprobam
1315 1818 1547 1861 ignoranciam
1591 1814 1832 1849 excusabiliter
1867 1819 1982 1848 contra

103 1880 267 1924 premissa
295 1878 432 1912 valeant
461 1889 520 1912 seu
551 1878 663 1912 valeat
691 1879 851 1923 allegare.
897 1877 979 1911 Cum
1009 1878 1127 1912 saltem
1159 1879 1245 1911 idem
1282 1882 1398 1911 noster
1434 1888 1615 1923 processus
1654 1888 1715 1910 vos
1754 1877 1810 1910 vel
1841 1877 1982 1910 alterum

104 1943 254 1974 vestrum
284 1942 375 1986 ipsos
404 1951 463 1974 seu
493 1941 633 1974 alterum
664 1951 780 1974 eorum
811 1944 864 1972 aut
895 1950 1129 1984 quemcunque
1159 1939 1258 1973 alium
1289 1938 1396 1972 latere
1425 1950 1490 1972 non
1521 1941 1641 1984 poterit
1671 1949 1734 1971 nec
1755 1939 1877 1971 valeat.
1908 1948 1982 1971 cum

101 2002 151 2034 sic
179 2000 399 2047 solempniter
427 2003 586 2035 extiterat
616 2000 816 2046 publicatus.
848 2011 966 2034 omnes
996 2004 1027 2032 et
1057 2000 1207 2043 singulos
1238 2003 1418 2045 requisitos
1448 2004 1479 2033 et
1509 2002 1699 2033 nominatos
1725 1998 1817 2032 etad
1841 2009 1980 2043 quorum

101 2071 162 2096 seu
191 2064 287 2096 cuius
316 2065 474 2096 noticiam
505 2073 648 2108 presens
679 2066 795 2096 noster
824 2072 1005 2108 processus
1036 2064 1242 2107 pervenerit.
1273 2061 1431 2107 predictis
1454 2059 1699 2094 municionibus
1721 2064 1750 2092 et
1775 2062 1981 2104 requisieio-

103 2121 201 2158 nibus
237 2122 339 2169 lapsis
377 2123 515 2170 prelixis
554 2126 704 2157 terminis
744 2123 832 2157 dicto
873 2127 988 2156 nostro
1027 2132 1200 2168 processu.
1241 2127 1270 2155 et
1311 2125 1382 2155 eius
1422 2124 1516 2168 penis
1553 2133 1592 2154 ac
1636 2123 1819 2155 sentenciis
1862 2122 1980 2163 stringi

103 2186 206 2218 artai-i
235 2188 267 2218 et
296 2183 394 2230 ligari
424 2184 590 2219 volumus.
622 2187 756 2218 strictos
786 2189 913 2218 artatos
944 2184 1064 2227 ligatos
1101 2187 1131 2216 ‹·t
1169 2186 1318 2216 strictum
1358 2187 1501 2216 artatum
1532 2186 1563 2215 et
1603 2182 1739 2226 ligatum
1771 2181 1984 2214 decernimus

104 2249 137 2279 et
165 2247 273 2279 eciam
303 2245 516 2280 declaramus
546 2257 584 2279 ac
614 2249 640 2279 si
672 2245 767 2279 vobis
798 2248 877 2291 ipsis
907 2249 936 2277 et
968 2249 1117 2277 vesu-mn
1148 2243 1283 2278 cuilibet
1310 2244 1395 2277 idem
1418 2248 1534 2277 noster
1554 2254 1734 2290 processus
1755 2241 1984 2287 principaliter

105 2310 138 2340 et
167 2306 422 2353 presencialiter
451 2310 612 2341 existeret
644 2310 820 2341 nunciatus
851 2311 878 2338 et
912 2309 1090 2339 intimatus.
1123 2304 1318 2339 Mandamus
1340 2308 1476 2351 insuper
1497 2304 1594 2338 vobis
1615 2303 1768 2337 omnibus
1790 2308 1819 2335 et
1842 2302 1983 2347 siugulis

105 2370 278 2414 premissis
306 2367 613 2402 subexecutorihus
644 2371 767 2402 nostris
796 2367 857 2401 sub
896 2367 981 2400 dieta
1022 2378 1081 2412 per
1121 2378 1182 2400 nos
1222 2369 1589 2400 excommunicaciumis
1627 2367 1689 2399 lata
1727 2376 1811 2410 pena
1852 2369 1882 2397 et
1921 2375 1981 2397 sex

102 2427 231 2463 dierum
261 2432 423 2463 canonica
455 2432 645 2463 monicione
675 2432 850 2476 premissa.
882 2434 911 2462 ut
945 2428 1020 2461 dum
1053 2432 1082 2460 et
1115 2427 1167 2460 ubi
1187 2439 1258 2474 *pro
1289 2432 1382 2474 parte
1412 2428 1575 2461 dictarum
1616 2426 1784 2459 abbatisse
1823 2430 1852 2458 et
1893 2437 1982 2458 con—

101 2493 222 2524 ventus
251 2489 380 2524 fueritis
411 2490 464 2524 vel
494 2490 578 2524 alter
608 2495 756 2524 vestrum
788 2491 884 2523 suerit
918 2491 1066 2534 requisiti
1099 2489 1151 2522 vel
1182 2492 1374 2534 requisitus,v
1405 2489 1613 2534 compellatis
1643 2498 1760 2520 omnes
1781 2491 1813 2520 et
1833 2486 1983 2524 siuffltlos

100 2550 272 2597 predictos
300 2554 471 2597 principes
501 2556 566 2585 tam
597 2552 789 2598 spirituales
819 2563 916 2596 quam
947 2550 1132 2583 seculares.
1164 2550 1266 2584 (luces
1296 2553 1439 2584 comites
1468 2555 1497 2582 et
1531 2549 1676 2582 barones
1707 2547 1836 2581 nobiles
1863 2548 1983 2581 milites

104 2615 137 2645 ct
166 2611 326 2646 militares
356 2622 395 2646 ac
424 2624 542 2646 omnes
571 2613 654 2647 alios
685 2618 715 2645 et
745 2613 897 2657 singulos
929 2617 991 2644 tatu
1023 2611 1230 2648 generaliter
1258 2623 1356 2656 quam
1387 2612 1578 2657 specialiter
1607 2612 1761 2656 ,superius
1796 2612 1984 2643 nominatos

107 2675 141 2706 et
168 2683 354 2719 expressos
383 2678 414 2706 et
445 2673 624 2719 quemlibet
655 2685 784 2707 eorum.
816 2676 867 2706 cui
899 2683 1039 2719 presens·
1078 2677 1193 2706 noster
1229 2684 1408 2718 processus
1445 2674 1609 2709 dirigitur.
1647 2683 1721 2705 cum
1762 2673 1983 2704 invocacione

109 2736 143 2766 el
171 2732 320 2767 subsidio
349 2745 388 2767 ac
417 2735 542 2768 auxilio
573 2734 699 2768 brachii
729 2734 892 2767 secularis
932 2744 990 2779 per
1028 2744 1064 2766 se
1109 2735 1161 2767 vel
1200 2734 1300 2767 alium
1340 2746 1398 2768 seu
1443 2734 1526 2767 alios
1563 2733 1717 2767 idoneum
1759 2732 1811 2764 vel
1844 2732 1982 2764 idoneos
