2347 3153
1249 231 1294 264 52

344 336 408 381 legi
439 341 468 369 et
499 335 661 381 publicari
682 340 873 381 procurent.
896 338 1051 380 ipsasque
1072 335 1274 369 abbatissam
1296 339 1324 367 et
1349 340 1550 368 eonvennnn
1581 335 1635 368 vel
1656 334 1776 368 dictum
1806 346 1919 369 earum
1948 340 2201 381 procuratorem

342 409 400 430 seu
439 397 601 430 sindicum
640 401 693 429 aut
732 401 857 429 certum
897 399 1052 429 nuncium
1092 407 1152 441 pro
1191 398 1239 428 eis
1273 397 1367 439 juxta
1398 395 1620 440 predictarum
1663 395 1832 429 literarum
1871 397 2131 441 apostolicarum
2171 401 2204 430 et

343 458 530 492 huiusmodi
565 460 667 491 nostri
707 468 886 502 processus
929 459 1173 490 continenciam
1217 460 1247 489 et
1295 461 1446 489 tenorem
1494 458 1524 489 in
1569 461 1598 488 et
1639 455 1679 488 ad
1728 456 1951 501 corporalem,
1999 457 2123 491 realem
2171 461 2204 490 et

342 518 504 552 actualem
535 521 785 563 possessionem
817 518 962 551 ecclesie
991 520 1095 550 sancti
1126 515 1242 550 Jacobi
1260 518 1452 561 Juriumque
1479 521 1510 549 et
1530 519 1811 561 pertinenciarum
1833 516 2058 562 predictorum
2079 521 2202 562 aucto—

342 583 437 612 ritate
466 578 648 624 apostolica
667 578 867 624 «supradicta
899 578 1116 611 effectualiter
1146 577 1299 610 inducant
1330 582 1360 610 et
1391 576 1584 619 defendant,
1614 576 1745 610 inducat
1775 588 1833 611 seu
1862 577 2019 611 defendat
2038 578 2202 614 inductas.

342 644 452 672 amoto
492 639 614 673 exinde
644 641 795 684 primitus
826 638 921 671 dictis
950 641 1120 684 preposito
1151 642 1180 669 et
1212 637 1367 683 capitulo.
1399 637 1555 670 Conrado
1576 637 1764 671 Smerbeck
1784 642 1815 671 et
1837 637 1984 683 quolibet
2003 638 2069 672 alio
2089 638 2203 673 illicito

343 700 529 733 detentore.
547 710 630 744 quos
647 704 676 731 et
695 710 809 732 eorum
830 698 1004 743 quemlibet
1023 710 1083 732 nos
1101 701 1205 731 eciam
1224 703 1340 731 tenore
1356 701 1579 744 presencium.
1593 702 1748 743 quantum
1766 709 1956 744 possumus,
1974 709 2205 733 ammovemus

342 765 371 793 et
404 761 644 794 denunciamus
683 764 826 792 amotum
864 764 892 792 et
933 764 1074 792 amotos.
1105 770 1143 792 ac
1182 762 1270 804 ipsas
1308 758 1510 792 abbatissam
1544 763 1575 792 et
1605 763 1807 792 conventum
1847 759 1900 793 vel
1938 759 2059 793 dictum
2089 770 2214 809 earum¹

341 826 592 867 procuratorem
623 831 680 853 seu
711 820 872 853 sindicum
903 824 954 852 aut
986 824 1111 852 certum
1143 822 1297 852 nuncium
1319 830 1380 864 pro
1410 822 1458 853 eis
1487 819 1609 853 saciant
1648 824 1677 853 et
1715 824 1895 865 procurent
1933 819 2020 854 dicte
2059 819 2204 854 ecclesie

340 884 446 915 sancti
476 880 592 914 Jacobi
628 881 723 926 plena
755 885 785 913 et
827 880 961 925 pacilica
1000 883 1216 925 possessione
1251 879 1414 925 gaudere.
1451 883 1597 925 ipsisque
1636 880 1690 914 vel
1726 881 1812 914 dicto
1849 891 1964 914 earum
1994 883 2205 927 procuratori

339 954 398 976 scu
428 942 555 976 sindico
585 946 636 974 aut
667 945 788 974 nuncio
817 941 856 973 de
879 944 979 986 ipsius
1000 941 1143 974 ecclesie
1165 940 1338 984 fructibus,
1368 940 1561 981 redditibus,
1593 940 1823 987 proventibus.
1849 940 1981 985 juribus
2007 945 2039 975 et
2067 940 2204 975 obven-

341 1002 491 1037 cionibus
522 1005 687 1036 universis
718 1002 837 1035 faciant
868 1006 897 1034 et
931 1002 1026 1035 l'aciat
1058 1004 1189 1046 integre
1219 1001 1417 1047 responderi
1447 1006 1479 1035 et
1498 1002 1704 1047 generaliter
1734 1005 1844 1036 onmia
1874 1007 1905 1036 et
1935 1002 2079 1048 singula,
2109 1000 2204 1036 nobis

342 1066 371 1097 in
403 1063 464 1096 bac
494 1068 586 1108 parte
616 1065 804 1096 commissa.
845 1061 984 1095 lideliter
1022 1067 1052 1094 et
1091 1062 1189 1107 plene
1227 1066 1436 1107 exequantur
1466 1063 1562 1106 juxta
1599 1062 1751 1096 traditam
1788 1074 1847 1096 seu
1887 1062 2047 1096 directam
2076 1073 2094 1096 a
2123 1061 2205 1096 sede

341 1124 523 1170 apostolica
561 1122 655 1156 nobis
686 1122 824 1156 sormam
865 1127 894 1155 et
924 1123 1104 1156 secundum
1142 1126 1308 1168 presentis
1348 1126 1453 1157 nostri
1494 1134 1684 1171 processus
1703 1126 1947 1157 continenciam
1979 1128 2012 1158 et
2041 1128 2204 1163 tenorem.

344 1184 390 1218 lta
421 1189 542 1219 tamen,
573 1183 658 1228 11111111
691 1183 787 1216 iidem
818 1183 1025 1227 subdelegati
1056 1186 1160 1217 nostri
1191 1186 1222 1217 in
1252 1183 1470 1229 preiudicimn
1505 1184 1664 1219 dictarum
1696 1183 1864 1218 abbatisse
1893 1189 1926 1218 et
1955 1188 2144 1219 conventus
2173 1188 2206 1218 et

339 1247 423 1289 juris
454 1247 502 1278 sui
533 1243 633 1277 nicliil
664 1244 796 1277 valeant
827 1248 1035 1289 attemptare.
1077 1256 1137 1277 nec
1176 1247 1264 1277 circa
1295 1245 1502 1290 supradictas
1532 1256 1635 1291 penas
1665 1249 1697 1278 et
1725 1248 1915 1279 sentencias
1944 1256 2004 1290 per
2033 1255 2094 1279 nos
2123 1244 2206 1279 latas

342 1305 550 1339 absolvendo
581 1305 632 1338 vel
663 1304 897 1350 suspendemlo
927 1305 1045 1349 aliquid
1086 1308 1261 1339 imumtare
1291 1310 1334 1347 et7
1373 1309 1399 1339 si
1429 1309 1612 1350 contingat,
1653 1317 1714 1339 nos
1743 1317 1844 1352 super
1873 1309 2045 1352 premissis
2073 1305 2206 1340 citando

344 1366 546 1399 declarando
577 1365 798 1409 aggravando
828 1376 885 1398 seu
916 1365 996 1398 alias
1026 1366 1223 1411 procedere.
1256 1366 1297 1399 de
1326 1377 1391 1411 quo
1421 1366 1515 1400 nobis
1541 1367 1670 1412 plenam
1700 1372 1730 1400 et
1753 1366 1977 1400 omnimodam
2008 1370 2204 1412 potestatem

343 1438 569 1460 reservamus.
603 1426 673 1459 Non
705 1426 903 1459 intendimus
933 1431 1110 1472 propterea
1141 1429 1410 1461 commissionem
1441 1432 1588 1461 nostram
1610 1426 1796 1475 huiusmodi
1827 1430 1857 1460 in
1887 1427 1998 1472 aliquo
2028 1437 2205 1470 revocare⁷

344 1491 403 1521 nisi
436 1488 475 1520 de
506 1491 730 1520 ric-vocacione
768 1490 836 1532 ipse
875 1487 1055 1532 specialem
1095 1492 1126 1520 et
1165 1498 1361 1533 expressam
1401 1491 1432 1521 in
1472 1491 1594 1522 uostris
1630 1488 1733 1522 literis
1773 1488 1953 1522 fecerimus
1983 1489 2204 1522 mencionem.

345 1549 407 1582 l'er
445 1559 638 1593 processum
678 1552 785 1580 antem
825 1553 972 1581 nostrum
1012 1548 1198 1581 huiusmodi
1244 1548 1395 1583 nolumus
1434 1560 1495 1582 nec
1526 1549 1726 1583 intendimus
1755 1551 1877 1583 nostris
1907 1551 1937 1582 in
1981 1548 2093 1593 aliquo
2122 1558 2206 1594 pre-

346 1609 494 1642 iudicare
524 1609 676 1645 cullen-is.
707 1612 882 1653 quominus
904 1611 962 1654 ipsi
987 1609 1038 1642 vel
1069 1620 1183 1642 eorum
1214 1609 1308 1649 alter,
1340 1615 1477 1644 servato
1499 1614 1606 1643 tamen
1639 1610 1701 1643 boc
1731 1614 1846 1643 nostro
1876 1619 2050 1655 processu,
2079 1610 2204 1654 possint

345 1673 374 1703 in
415 1669 600 1703 huiusmodi
639 1672 780 1713 negocio
820 1669 1006 1715 procedere
1045 1681 1104 1715 per
1138 1681 1174 1703 se
1214 1671 1267 1703 vel
1306 1671 1403 1704 alium
1444 1682 1503 1704 seu
1538 1671 1632 1708 aiios,
1673 1675 1770 1716 prout
1803 1673 1852 1704 eis
1881 1670 1936 1704 vel
1965 1680 2082 1704 eorum
2111 1668 2206 1702 alteri

346 1734 454 1764 visum
487 1730 582 1763 l'nerit
615 1730 787 1775 expedire.
820 1730 967 1763 l‘rel'atas
998 1742 1129 1776 quoque
1159 1731 1271 1765 literas
1292 1732 1495 1777 apostolicas
1525 1737 1555 1765 et
1588 1731 1674 1765 hunc
1705 1736 1853 1765 nostrum
1875 1741 2070 1777 processum
2101 1729 2205 1763 volu-

345 1803 415 1824 mus
446 1802 548 1837 penes
578 1791 723 1836 prefatas
754 1790 952 1824 abluitissam
984 1796 1015 1824 et
1044 1796 1246 1825 conventum
1280 1792 1331 1825 vel
1369 1792 1490 1826 dictum
1520 1804 1634 1826 earum
1671 1796 1923 1838 procuratorem
1953 1802 2012 1825 seu
2041 1789 2204 1825 sindicum

343 1857 397 1885 aut
440 1856 564 1885 eertum
606 1854 758 1885 nuncium
800 1863 974 1885 remanere
1016 1856 1044 1884 et
1085 1864 1148 1886 non
1189 1864 1248 1898 per
1286 1864 1347 1886 vos
1387 1854 1438 1887 vel
1476 1853 1617 1898 aliquem
1655 1858 1803 1887 vestrum
1834 1864 1893 1886 seu
1923 1854 2076 1898 quemvis
2105 1850 2203 1884 alium

344 1918 458 1947 contra
481 1913 640 1945 dictarum
663 1911 829 1945 abbatisse
859 1917 889 1945 et
911 1918 1097 1946 conventus
1118 1914 1172 1947 vei
1204 1926 1318 1947 earum
1337 1918 1565 1960 procuratoris
1594 1926 1652 1947 seu
1682 1914 1799 1948 sindici
1830 1913 1970 1960 predicti
2001 1912 2205 1946 voluntatem

344 1973 589 2018 quomodolilwt
627 1973 787 2005 detineri:
827 1977 1029 2006 eontrarium
1069 1985 1150 2007 vero
1189 1974 1351 2008 facientes
1391 1975 1528 2021 prefatis
1567 1978 1688 2009 nostris
1718 1977 1898 2009 sentenciis
1927 1985 1968 2007 eo
1998 1972 2111 2015 modo,
2140 1982 2206 2018 quo

345 2045 404 2079 per
433 2044 493 2067 nos
524 2037 553 2067 in
584 2036 715 2079 scriptis
747 2034 810 2066 late
841 2038 926 2067 sunt.
957 2034 1133 2068 subiacere
1165 2036 1317 2069 volumus
1348 2040 1378 2069 et
1409 2036 1622 2069 deceruimus
1644 2039 1714 2081 ipso
1737 2036 1836 2069 l'acto.
1867 2034 2065 2069 mandamus
2095 2037 2206 2067 tamen

347 2094 453 2129 1111115.
482 2097 508 2128 si
539 2097 706 2140 pecu-riti>v
737 2098 765 2126 et
799 2095 922 2128 babere
946 2096 1119 2129 volueritis
1141 2099 1270 2141 copiam
1293 2096 1362 2130 lieri
1394 2097 1434 2130 111·
1456 2100 1641 2142 premissis.
1672 2099 1858 2142 petencimn
1882 2100 1992 2129 tamen
2021 2092 2206 2140 sumptibus

346 2161 373 2187 1-1
406 2158 575 2200 expensis.
610 2154 869 2188 Al›s‹›liic·i‹›iieiii
903 2167 984 2188 vero
1014 2159 1158 2189 omnium
1190 2162 1219 2189 et
1250 2158 1471 2197 singulorum.
1502 2161 1554 2202 11111
1586 2157 1731 2203 prefatas
1772 2161 1902 2190 nostras
1931 2157 2122 2190 sentencias
2153 2153 2206 2188 vel

346 2228 458 2249 earum
489 2217 630 2260 aliquam
662 2218 858 2249 incurrerint
891 2220 1010 2261 qumis
1041 2217 1138 2250 modo
1169 2230 1228 2263 pei·
1259 2218 1465 2252 manifestam
1498 2220 1727 2251 resistenciain
1761 2217 1812 2250 xel
1833 2217 1997 2251 occultam
2027 2214 2123 2250 nobis
2151 2213 2206 2250 vel

345 2280 506 2321 superiori
547 2281 661 2309 nostro
701 2278 926 2309 tantuuunodo
966 2289 1190 2311 reserxamus.
1251 2278 1445 2312 Retinemus
1485 2282 1589 2312 eciam
1630 2278 1724 2312 nobis
1763 2289 1926 2323 expresse
1964 2276 2144 2323 specialem
2174 2278 2205 2309 et

345 2337 567 2370 oumimodam
611 2341 820 2382 potestatem.
865 2337 950 2381 11111111
996 2343 1183 2382 presentem
1229 2344 1376 2372 nostrum
1416 2351 1610 2384 processum
1650 2351 1688 2371 ae
1728 2341 1836 2372 omnia
1876 2343 1908 2371 et
1944 2337 2073 2382 singula
2104 2339 2135 2370 in
2164 2346 2206 2370 co

346 2403 511 2430 contenta.
546 2402 639 2443 prout
670 2409 752 2443 opus
783 2398 891 2431 suerit.
924 2402 1089 2442 possimus
1119 2402 1293 2438 eoi-rigere
1323 2403 1352 2431 et
1376 2400 1558 2433 emendare
1588 2411 1626 2432 ac
1648 2400 1756 2432 eidem
1779 2398 1904 2432 addere
1934 2397 1988 2432 vel
2009 2399 2205 2431 imminuere

346 2469 403 2490 seu
435 2460 588 2502 ,supplere
618 2463 669 2491 ant
702 2459 800 2492 alium
841 2470 1033 2504 processum
1075 2461 1186 2492 l'aeere
1226 2464 1255 2492 et
1297 2460 1482 2494 l'ulminare.
1519 2463 1545 2494 si
1584 2472 1725 2494 necesse
1765 2460 1874 2494 l'uerit.
1911 2461 2016 2492 eciam
2053 2460 2079 2492 si
2110 2460 2206 2503 prout

348 2518 461 2550 metim
497 2531 599 2551 xisum
646 2519 740 2552 luerit
786 2520 946 2564 expediri.
1008 2519 1167 2552 Volumus
1204 2524 1308 2553 eciam
1349 2525 1376 2552 et
1418 2521 1503 2553 ‹tn-ia
1541 2523 1739 2554 auctoritate
1777 2520 1958 2564 apostolicu
1999 2518 2204 2557 mandamus,

346 2584 505 2622 qimieuu«
551 2581 696 2623 prelatos
740 2582 941 2625 prepositum
982 2585 1009 2612 et
1050 2581 1226 2624 1·11111111111111
1266 2594 1303 2613 111·
1342 2581 1530 2620 singulares
1573 2584 1754 2614 canonicos
1794 2581 1868 2614 dicti
1911 2579 2057 2625 capituli,
2099 2583 2204 2624 ipsum

347 2639 517 2670 actualem·
558 2645 840 2683 sepino-uiantes.
881 2653 918 2673 :ie
955 2641 1143 2673 ('om·adum
1185 2641 1369 2674 §.nerlu-eit
1409 2647 1439 2674 et
1479 2653 1709 2686 11111·1111·111111111·
1747 2642 1844 2674 alium
1886 2644 1915 2673 in
1946 2639 2030 2674 diem
2061 2638 2204 2673 ecclesia

346 2702 450 2731 saneti
482 2699 594 2731 jacobi
629 2706 785 2734 nitrosum
817 2713 874 2733 >eu
906 2701 1137 2734 intrndeinlmn
1179 2714 1206 2733 111
1239 2702 1353 2734 eadem
1391 2715 1428 2734 ae
1459 2703 1540 2735 :ilios
1570 2702 1791 2747 supradictos,
1820 2712 1958 2746 qnorum
1990 2702 2121 2734 noininu
2153 2698 2205 2733 liic
2245 2742 2248 2746 ¹
