2347 3153
1263 212 1335 245 314

370 325 600 353 contumacem
641 324 670 351 et
710 322 743 352 in
781 319 852 362 ejus
890 319 1134 350 contumaciam
1175 320 1346 362 ipsamque
1385 316 1524 349 ulterius
1563 316 1602 349 ad
1642 319 1744 361 ipsius
1783 318 1934 360 magistri
1964 314 2136 349 thhetmi
2166 315 2234 349 Leo

364 383 592 427 procuratoris
632 390 696 424 quo
739 390 838 424 supra
883 381 1016 411 nomine
1059 380 1254 410 instanciam
1299 377 1338 410 ad
1378 376 1521 410 dandum
1559 381 1589 410 et
1629 376 1859 422 recipiendum
1889 376 2027 422 darique
2065 380 2097 410 et
2130 379 2233 422 recipi

363 441 543 475 videndum
576 440 718 473 libellum
750 442 823 472 sive
852 441 1065 471 summariam
1097 441 1127 471 iu
1159 437 1220 471 liac
1250 449 1350 471 eausa
1380 440 1582 484 peticionem
1612 449 1673 483 per
1702 437 1927 483 supradictum
1953 440 2136 483 porterium
2157 439 2231 471 sive

362 506 516 536 nuncium
543 503 689 545 juratum
720 503 812 533 citari
854 500 1021 541 mandavit
1053 503 1083 532 et
1122 498 1201 532 fecit
1231 499 1270 532 ad
1302 503 1428 532 certum
1460 501 1721 544 peremptorium
1761 501 1937 532 terminum
1974 501 2234 544 competentem,

363 574 461 608 quem
493 568 569 596 tunc
600 565 705 595 eciam
737 561 776 595 ad
808 561 907 594 idem.
939 561 1026 593 dicto
1057 563 1218 604 magistro
1239 559 1424 593 Withetmo
1446 562 1656 605 procuratori
1686 559 1717 593 id
1738 562 1875 605 petenti,
1896 559 1989 593 duxit
2009 558 2232 593 statuendum.

362 624 556 657 Huiusmodi
587 627 696 668 itaque
728 625 868 656 termino
898 622 1100 655 adveniente
1130 626 1161 654 et
1191 624 1221 654 iu
1252 621 1372 655 eodem
1402 633 1516 655 coram
1542 621 1673 667 prefato
1695 621 1828 655 domino
1850 620 2011 654 cardinali
2027 620 2132 665 judici
2154 617 2231 667 (sic)

363 690 393 718 et
415 687 647 718 csnnmissario
669 687 699 717 in
717 684 843 727 judicio
865 687 1082 728 comparente
1104 685 1266 727 magistro
1282 682 1466 716 wilhelmo
1483 682 1550 716 Leo
1571 687 1791 728 procuratore
1813 681 1976 728 predicto,
1999 683 2230 727 procuratorio

363 749 496 780 nomine
518 757 582 790 quo
604 756 715 791 supra.
740 749 771 778 et
793 744 973 790 supradicti
994 746 1143 788 magistri
1163 743 1328 777 Johannis
1349 743 1390 777 de
1411 743 1586 777 Scrivanis
1608 745 1850 789 procuratoris,
1867 754 1933 788 quo
1959 753 2058 788 supra
2084 744 2232 783 nomine,

364 818 430 840 non
461 809 686 852 comparentis
716 817 825 851 neque
855 805 997 850 aliquem
1028 804 1172 838 libellum
1203 807 1277 838 sive
1307 807 1520 839 summariam
1552 808 1583 838 in
1614 804 1677 838 liac
1706 815 1806 838 causa
1836 806 2036 850 peticionem
2063 803 2144 837 dare
2178 807 2234 836 aut

363 868 433 901 dari
463 868 580 901 videre
610 870 757 901 curantis
800 869 1044 901 contumaciam
1075 868 1246 899 accusavit
1287 868 1461 912 ipsumque
1499 870 1731 899 contumacem
1771 867 1918 911 reputari
1956 863 2102 911 petendo
2140 866 2234 898 etin

363 932 433 963 eius
464 932 708 962 contumaciam
739 928 904 974 quendam
935 927 1080 961 libellum
1112 929 1185 961 sive
1214 929 1428 960 summarium
1460 929 1491 960 in
1521 926 1584 960 hac
1614 938 1715 960 causa
1746 929 1948 973 peticionem
1978 925 2067 960 facto
2096 924 2234 959 realiter

363 995 393 1023 et
424 993 454 1023 in
484 993 616 1035 seriptis
647 989 797 1023 exhibuit
827 994 926 1034 atque
955 989 1112 1034 produxit
1141 991 1174 1022 in
1205 988 1267 1021 hiis
1297 987 1427 1021 verbis:
1459 987 1541 1021 Petit
1572 992 1772 1034 procurator
1792 992 1825 1021 et
1843 989 2078 1034 procuratorio
2098 989 2233 1020 nomine

364 1050 603 1084 venerabilium
648 1055 677 1084 et
722 1050 957 1095 religiosarum
1001 1049 1209 1083 dominarum
1249 1048 1418 1082 abbatisse
1457 1053 1487 1083 et
1527 1053 1716 1083 conventus
1751 1051 1945 1083 monasterii
1982 1047 2079 1082 vallis
2117 1051 2233 1081 sancte

365 1111 470 1145 Marte
514 1112 554 1145 ‹le
594 1112 761 1145 Osslavia.
792 1111 917 1145 ordinis
958 1110 1193 1144 Cisterciensis
1229 1109 1463 1144 Olomucensis
1507 1110 1664 1154 diocesis⁷
1708 1121 1769 1156 per
1810 1121 1873 1144 vos
1911 1108 2232 1143 reverendissimum

365 1178 491 1218 patrem
523 1177 738 1218 vestramque
768 1175 974 1206 sentenciam
1005 1171 1214 1205 diffinitivam
1245 1174 1475 1217 pronunciari,
1497 1171 1632 1205 decerni
1655 1176 1685 1205 et
1707 1171 1892 1205 declarari:
1923 1181 1984 1216 per
2003 1169 2229 1204 reverendum

363 1238 488 1279 patrem
520 1234 689 1268 dominum
719 1233 895 1267 Nicolaum
926 1235 1120 1279 episcopum
1153 1232 1465 1266 Ferentinatensem
1506 1236 1537 1266 in
1567 1244 1680 1270 causa,
1712 1243 1776 1278 quc
1807 1231 2003 1266 vertebatur
2041 1241 2154 1265 coram
2193 1240 2234 1264 eo

362 1299 392 1327 et
422 1306 508 1328 nuuc
539 1298 681 1328 vertitur
711 1306 824 1328 eoram
856 1299 970 1328 vestra
1001 1293 1286 1327 reverendissima
1313 1296 1525 1339 paternitate.v
1556 1297 1642 1327 inter
1670 1293 1818 1339 prefatas
1848 1292 2001 1327 dominas
2030 1291 2235 1326 abbatissam

362 1361 393 1389 et
423 1361 625 1389 conventum
657 1368 701 1389 ex
730 1367 807 1398 una,
838 1360 870 1389 et
904 1354 1120 1389 honorabiles
1142 1358 1236 1388 viros
1276 1354 1429 1388 dominos
1459 1358 1664 1401 prepositum
1703 1360 1735 1388 et
1764 1354 1941 1401 capitulum
1972 1365 2011 1387 ac
2041 1351 2232 1387 Conradum

363 1416 550 1451 Smerbeck
593 1420 791 1451 canonicum
835 1416 979 1450 ecclesie
1022 1419 1126 1450 sancti
1167 1415 1253 1449 Petri
1292 1415 1476 1449 Brunensis
1507 1416 1742 1450 Olomucensis
1784 1415 1929 1449 diocesis
1972 1415 2013 1449 de
2056 1418 2088 1448 et
2131 1424 2234 1460 super

363 1477 563 1523 parrochiali
594 1478 739 1511 ecclesia
769 1480 874 1511 sancti
903 1476 1021 1511 Jacobi
1061 1476 1101 1510 de
1141 1476 1248 1521 burgo
1278 1476 1444 1510 Bruneusi
1484 1477 1635 1521 ejusdem
1676 1476 1822 1511 diocesis
1859 1481 1891 1510 ct
1921 1479 2023 1522 ipsius
2053 1477 2234 1509 occasione

363 1541 465 1584 partis
495 1550 538 1572 ex
568 1539 684 1581 altera,
715 1538 801 1572 bene
832 1538 936 1572 fuisse
966 1542 997 1571 et
1032 1550 1110 1571 esse
1149 1548 1358 1583 processum,
1398 1540 1641 1572 sentem-iatum
1672 1542 1701 1571 et
1733 1537 1919 1579 diffinitum,
1949 1539 2120 1583 ipsiusque
2148 1546 2234 1570 sen-

362 1603 502 1633 tenciam
535 1599 795 1634 confirmandam
827 1599 899 1633 sore
930 1604 961 1632 et
990 1610 1051 1645 per
1081 1603 1229 1633 vestram
1266 1598 1585 1632 reverendissimam
1626 1602 1858 1645 paternitatem
1889 1597 2082 1632 confirmari
2111 1601 2144 1630 et
2173 1607 2235 1643 pro

363 1665 455 1706 parte
486 1661 648 1694 (lictorum
680 1661 891 1694 dominorum
921 1663 1080 1706 prepositi
1111 1659 1257 1694 Conradi
1289 1664 1319 1692 et
1351 1661 1484 1706 capituli
1515 1659 1555 1693 ab
1585 1660 1704 1694 eodem
1739 1659 1873 1694 domino
1903 1658 2043 1693 Nicolao
2073 1661 2234 1704 episcopo

365 1721 596 1755 Ferentiuensi
636 1727 666 1755 et
697 1722 782 1756 dieta
813 1723 885 1766 ejus
915 1724 1086 1755 sentencia
1118 1721 1204 1754 male
1234 1720 1337 1754 fuisse
1371 1726 1402 1754 et
1433 1732 1508 1755 esse
1538 1721 1749 1768 appellatum.
1780 1724 1938 1767 ipsosque
1967 1720 2120 1755 dominos
2149 1730 2234 1766 pre-

362 1786 503 1828 positum
536 1782 726 1817 Conradum
757 1787 787 1816 et
819 1783 997 1829 capitulum
1037 1785 1068 1816 in
1099 1784 1258 1828 expensis
1288 1792 1401 1815 coram
1443 1787 1494 1815 tua
1525 1782 1810 1816 reverendissima
1841 1784 2041 1828 paternitate
2070 1783 2102 1815 in
2131 1791 2233 1814 causa

364 1843 549 1877 huiusmodi
571 1844 720 1882 legitime
742 1844 837 1878 factis
858 1843 1171 1889 condempnandum
1195 1843 1268 1876 l'ore
1289 1847 1319 1876 et
1342 1854 1402 1888 per
1423 1854 1485 1876 vos
1506 1843 1746 1889 condempnari
1768 1843 1808 1877 de
1825 1845 1986 1889 expensis
2002 1841 2174 1876 solvendis
2190 1839 2234 1887 (2⁷)

364 1905 624 1949 proti-stauilum.
664 1917 703 1939 ac
742 1905 824 1939 alias
863 1908 893 1939 in
933 1910 963 1938 et
1002 1916 1104 1951 super
1142 1907 1315 1950 premissis
1353 1903 1507 1938 ‹nnnibus
1545 1909 1577 1937 et
1615 1904 1755 1950 singulis
1794 1907 1997 1938 coniunctim
2027 1907 2060 1937 et
2088 1903 2234 1945 divisim,

363 1969 494 1998 nomine
534 1978 598 2010 quo
636 1978 749 2013 supra.
786 1965 845 1999 sibi
886 1966 956 1999 fieri
991 1967 1126 2010 justicie
1165 1965 1447 2011 complementum
1488 1970 1636 1999 vestrum
1678 1968 1814 2012 insuper
1844 1964 2038 2010 benignum,
2067 1963 2236 1998 humiliter

363 2026 582 2071 implorando„
613 2027 707 2061 salvo
737 2026 797 2060 sibi
823 2028 902 2071 jure
928 2027 1083 2070 addendi,
1107 2027 1266 2069 mutandi,
1291 2026 1472 2069 inimicum,
1494 2027 1700 2072 corrigendi.
1730 2026 1923 2060 declarandi
1953 2030 2019 2059 etc.
2051 2030 2086 2059 ut
2115 2024 2174 2059 fuit
2204 2028 2237 2059 et

361 2092 409 2119 est
442 2092 542 2121 itioris
572 2093 670 2133 atque
700 2088 764 2122 stili
795 2099 933 2122 romane
963 2088 1121 2123 ecclesie.
1142 2093 1174 2121 et
1205 2092 1409 2134 protestatur
1429 2092 1459 2121 ut
1483 2087 1541 2121 fuit
1571 2093 1602 2121 et
1633 2093 1682 2122 est
1704 2090 1815 2121 moris.
1838 2107 1879 2111 -—
1906 2086 2093 2132 Oblatoque
2123 2088 2234 2131 itaque

364 2148 548 2182 liuiusinodi
568 2148 678 2183 lilii-llo
695 2149 825 2195 prefato
842 2150 995 2183 dominus
1017 2149 1196 2183 cardinalis
1213 2149 1319 2193 judex
1341 2153 1371 2182 et
1393 2151 1645 2183 commissarius
1666 2148 1809 2182 eundem
1831 2151 2026 2193 magistrum
2047 2145 2234 2181 Johannem

365 2210 405 2241 dt·
436 2210 610 2243 Sei-ixanis
642 2210 680 2243 ad
712 2213 814 2256 ipsius
846 2213 996 2255 magistri
1017 2210 1189 2244 Willtelmi
1211 2209 1279 2243 Leo
1301 2213 1543 2255 procuratoris.
1574 2221 1639 2255 quo
1660 2221 1760 2256 supra
1790 2212 1937 2251 nomine2
1968 2210 2164 2242 instanciam
2195 2206 2234 2241 ad

363 2271 630 2315 respondi-mlum
661 2271 854 2317 supradicto
884 2274 1038 2317 superius
1070 2276 1101 2304 ut
1131 2273 1332 2317 premittitur
1372 2270 1483 2304 oblato
1523 2270 1634 2305 libello
1664 2271 1821 2316 litemque
1851 2281 1952 2316 super
1989 2269 2109 2303 eodem
2145 2279 2234 2303 con-

363 2333 547 2364 testandum
580 2337 609 2365 et
641 2335 822 2366 contestari
855 2333 1032 2366 videndum
1064 2336 1172 2378 primo
1211 2332 1420 2378 simpliciter‚
1459 2332 1609 2366 secundo
1648 2331 1708 2365 sub
1738 2332 2106 2365 excommunicacionis
2135 2340 2235 2376 pena,

363 2404 401 2424 ac
433 2391 562 2425 ili-mum
595 2397 698 2426 tercio
729 2394 767 2426 ad
800 2394 884 2427 idem
918 2394 970 2427 vel
1000 2393 1039 2426 ad
1071 2393 1247 2427 dicendum
1274 2398 1303 2426 et
1325 2404 1461 2426 eausam
1493 2392 1745 2427 racionaliilem.
1775 2395 1801 2425 si
1833 2403 1930 2438 quam
1961 2391 2113 2434 liaberet,
2144 2389 2234 2424 alle-

365 2453 508 2494 gandum
553 2466 655 2498 quare
686 2455 773 2487 dicto
805 2454 913 2488 libello
946 2455 1152 2500 respondere
1184 2466 1247 2488 non
1279 2453 1428 2497 deberet.v
1451 2465 1510 2499 per
1536 2453 1760 2499 supradictum
1783 2456 1965 2499 porti-rium
1987 2455 2060 2487 sive
2081 2454 2236 2486 nuncium

362 2515 507 2557 juratum
540 2518 632 2548 citari
665 2516 833 2548 mandavit
865 2520 895 2548 et
927 2516 1002 2548 l'ecit
1034 2515 1072 2548 ad
1112 2520 1224 2548 certos
1261 2517 1476 2548 successivos
1517 2518 1676 2548 terminos
1715 2526 1789 2547 cum
1821 2514 1866 2555 (2²)
1898 2513 2027 2547 dierum
2058 2511 2238 2547 intervallo

362 2579 604 2620 competentes.
637 2576 785 2609 'l'andem
819 2587 901 2609 vero
932 2579 962 2609 in
994 2576 1108 2609 ultimo
1138 2576 1302 2609 dictorum
1336 2578 1553 2609 terminorum
1586 2578 1728 2608 termino
1754 2572 2236 2620 comparueruntjudicialiter

363 2646 476 2668 coram
508 2636 593 2667 clu-to
625 2637 758 2669 domino
789 2636 947 2669 cardinali
974 2636 1078 2679 Judiei
1110 2639 1196 2680 (siet
1233 2640 1262 2669 et
1294 2639 1525 2669 commissario
1557 2639 1716 2677 magister
1748 2635 1948 2669 willielmus
1979 2634 2046 2669 Leo
2085 2645 2128 2668 ex
2167 2644 2230 2668 una

363 2701 393 2728 et
430 2695 600 2729 Jolianues
641 2697 680 2728 de
712 2698 886 2730 Sci-ixauts
917 2701 1167 2742 prm-uratores.
1199 2697 1338 2742 predicti
1376 2699 1616 2742 procuratoriis
1653 2695 1843 2730 nominibus
1882 2696 2000 2742 quilius
2039 2707 2151 2741 supra,
2189 2705 2234 2728 ex
