2347 3153
1232 223 1305 257 460

334 332 531 366 beneficium
571 335 710 376 erigere„
746 342 783 364 ac
823 334 991 375 pretactos
1029 340 1152 362 census
1177 330 1245 372 juri
1275 328 1506 361 ecclesiastico
1536 332 1566 360 et
1605 327 1836 360 ecclesiastice
1874 325 2017 360 libertati
2047 325 2204 360 subicere

335 394 563 431 dit-rnaremur.
593 396 635 426 113
666 397 695 425 et
726 392 845 425 taliter.
878 395 908 424 ut
932 393 1037 424 eciam
1072 393 1158 423 inter
1187 394 1313 427 cetera,
1350 400 1414 434 que
1439 390 1524 432 juris
1554 392 1586 421 et
1605 387 1768 421 libertatis
1789 387 2021 421 ecclesiastice
2042 389 2204 429 existunt,

334 438 489 488 antedicti
511 465 631 487 census
653 464 713 498 per
734 463 910 486 censuram
932 452 1208 489 ecclesiasticam,
1225 450 1300 484 dum
1317 454 1349 483 et
1365 452 1525 495 quociens
1541 460 1580 482 ac
1601 449 1733 494 quando
1754 451 1962 494 oportunitas
1983 448 2015 481 id
2037 451 2206 493 exegerit,

334 519 426 554 exigi
455 515 587 548 valeant
619 519 649 547 et
681 516 815 558 requiri.
847 512 904 546 Jns
935 523 1019 545 vero
1049 516 1244 557 patronatus
1274 511 1349 545 dicti
1379 511 1491 544 altaris
1511 513 1719 543 visitacionis
1739 514 1855 543 sancte
1874 509 1982 543 Marie
2001 512 2146 554 virginis
2175 513 2208 542 et

333 581 448 610 sancte
479 575 661 609 Kailierine
691 579 720 607 et
742 573 956 619 presentandi
978 578 1145 606 rectorem
1176 573 1215 606 ad
1247 572 1335 606 illud.
1366 574 1526 617 quociens
1548 574 1654 617 ipsum
1676 581 1802 604 vacare
1833 573 2024 615 contigerit,
2053 581 2114 616 pro
2135 573 2207 616 ipso

334 638 466 670 domino
487 636 642 669 Johanne
664 634 861 680 presbitero.
893 634 1047 679 quamdiu
1071 636 1153 667 vivit
1183 638 1215 666 et
1243 638 1317 679 post
1338 638 1477 667 mortem
1500 635 1602 678 ipsius
1623 643 1683 677 pro
1705 632 1842 665 domino
1871 630 2042 665 Rasskule
2071 633 2206 665 nomine

334 697 518 731 Johanncs.
551 697 681 729 demum
713 706 773 741 pro
795 695 929 728 domino
950 694 1093 740 plebano
1124 694 1210 727 dicte
1231 694 1376 727 ecclesie
1398 696 1504 727 sancti
1522 693 1609 726 Petri
1630 698 1661 726 et
1682 697 1816 727 rectore
1838 692 1930 726 scole
1951 692 2097 726 ecclesie
2119 691 2207 727 Olo-

336 761 482 792 mncensi
504 768 564 803 pro
595 762 746 802 tempore
776 759 954 789 existente.
977 758 1018 788 ita
1044 754 1131 800 quod
1155 755 1253 788 iidem
1281 760 1413 788 rectore
1439 755 1551 788 altaris
1574 753 1731 787 defuncto
1761 753 1905 787 cedente
1935 753 1991 787 vel
2021 753 2206 787 decedente

334 822 500 852 seniorem
531 829 573 850 ex
596 817 810 863 prebendatis
831 816 975 849 ecclesie
998 816 1232 849 (llomucensis
1249 815 1415 849 antedicte
1436 820 1467 848 et
1488 826 1553 849 non
1575 815 1673 848 alium
1695 820 1894 860 presentare
1918 814 2086 848 debebunt
2106 816 2207 848 insti-

335 880 489 913 tuendum
512 883 541 911 et
564 877 827 911 conlirmamhnn
849 878 887 911 ad
906 877 1010 910 altare
1027 877 1224 922 predictum.
1242 881 1337 922 prout
1356 879 1386 909 in
1405 876 1541 921 prefatis
1559 877 1661 909 literis
1678 880 1909 921 expressatur.
1930 878 2113 909 reservari.
2136 875 2207 909 Nos

335 944 434 984 igitur
455 939 656 972 Wilhelmus
678 942 824 972 vicarius
854 943 883 971 et
907 938 1057 971 officialis
1079 937 1247 983 predictus
1269 938 1424 970 antedicti
1456 937 1578 970 domini
1601 937 1764 971 Johannis
1795 936 1972 982 presbiteri
2003 935 2210 971 racionabile

334 1003 538 1046 propositum
570 1005 601 1033 et
630 1003 716 1045 piam
746 1000 965 1033 all'eccioneni
997 1002 1027 1032 in
1058 999 1192 1032 domino
1214 1001 1413 1043 propensius
1444 1001 1610 1031 intuentes
1640 1010 1678 1031 ac
1709 998 1875 1039 volentes,
1906 1002 1938 1030 ut
1968 998 2008 1032 de
2038 998 2113 1032 hiis.
2145 1008 2210 1043 que.

334 1062 435 1094 divini
466 1061 572 1094 cultus
593 1065 807 1105 aufflnentnm
839 1065 869 1093 et
900 1060 1205 1093 ecclesiasticarum
1226 1070 1446 1105 personarum
1477 1059 1662 1105 profectum
1694 1063 1894 1105 respiciunt.
1927 1059 2080 1093 favorem
2110 1070 2208 1104 quem

334 1133 508 1168 possemus
530 1122 735 1167 impendere.
758 1126 853 1168 prout
875 1124 1044 1155 commissi
1067 1120 1162 1154 nobis
1183 1121 1283 1153 oflicii
1306 1120 1451 1153 debitum
1474 1123 1577 1164 exigit
1609 1125 1639 1153 ei
1662 1123 1806 1153 iniuncta
1828 1121 2016 1155 sollicitudo
2046 1120 2208 1166 deposcit,

335 1185 532 1216 auctoritate
562 1183 744 1217 ordinaria.
776 1194 838 1228 11113
869 1183 1050 1227 fungimur.
1082 1182 1203 1215 dictum
1235 1181 1338 1214 altare
1359 1184 1566 1215 visitacionis
1596 1186 1711 1215 sancte
1742 1181 1848 1215 Marie
1868 1184 2013 1227 virginis
2034 1185 2066 1215 et
2095 1186 2210 1215 sancte

338 1243 532 1277 lx'aiherine.
563 1247 658 1277 situm
690 1248 719 1276 et
752 1244 920 1277 fundatum
952 1247 982 1276 111
1013 1243 1156 1276 ecclesia
1189 1241 1371 1287 parochiali
1401 1245 1507 1276 saneti
1538 1242 1625 1276 Petri
1655 1243 1799 1289 apostoli
1831 1246 1859 1277 in
1883 1243 2041 1289 preurhio
2063 1242 2209 1277 01011111-

338 1309 440 1339 censi.
472 1309 500 1338 111
532 1305 728 1338 heneficium
767 1310 963 1351 perpetuum
1002 1308 1162 1349 erigimus
1196 1309 1224 1337 et
1265 1315 1419 1337 creamus=
1449 1305 1638 1349 dictamque
1669 1304 1880 1338 dotacionein
1913 1309 1943 1338 et
1975 1304 2208 1338 l'undacioneni

335 1371 365 1399 et
396 1366 592 1399 laudabilem
633 1366 892 1412 disposicionem
932 1365 1156 1411 approbamus
1200 1365 1401 1398 ratificamus
1439 1368 1664 1398 autorizamus
1706 1370 1735 1398 et
1768 1369 1797 1398 111
1829 1366 1880 1398 dei
1911 1369 2046 1400 nominc
2076 1365 2208 1399 constr—

338 1439 477 1461 mamus.
517 1438 639 1460 census
675 1438 806 1472 quoque
855 1432 884 1460 et
922 1432 1106 1473 proventus
1148 1427 1301 1460 videlicet
1338 1426 1398 1460 Vll
1443 1438 1573 1460 marcas
1608 1438 1805 1471 grossorum
1846 1427 1953 1460 eidem
1991 1427 2138 1461 altariste
2178 1431 2211 1460 ct

336 1489 430 1522 altari
471 1491 679 1522 visitacionis
718 1493 834 1521 sancte
872 1488 979 1522 Mai-ie
1023 1490 1166 1526 vii-mnis
1203 1492 1231 1520 et
1277 1493 1392 1521 sancte
1431 1487 1614 1521 Katherine
1658 1488 1696 1521 ad
1736 1489 1855 1534 prcl'ati
1894 1488 2017 1522 domini
2047 1487 2210 1522 Johannis

335 1552 529 1582 instanciam
574 1554 603 1582 et
649 1549 709 1582 sibi
753 1550 887 1582 domino
922 1549 1079 1582 Johanni.
1124 1550 1278 1593 quamdiu
1319 1552 1399 1582 vivit
1431 1554 1460 1581 et
1492 1554 1562 1594 post
1595 1554 1736 1582 mortem
1767 1552 1870 1594 ipsius
1900 1549 2035 1582 domino
2066 1547 2210 1582 Johanni

337 1610 515 1644 Rassliulc.
555 1610 684 1644 demum
726 1610 868 1655 plebano
900 1610 1044 1643 ecclesie
1075 1613 1178 1643 sancti
1212 1610 1295 1643 l'ciri
1327 1614 1356 1643 et
1389 1613 1510 1643 rectori
1550 1611 1716 1644 scolarum
1758 1611 2033 1644 (lloinuccnsium
2070 1614 2211 1656 protunc

333 1675 566 1705 existencium.
590 1672 688 1705 modo
710 1677 739 1705 et
762 1672 867 1705 forma
892 1677 984 1716 prout
1008 1674 1161 1717 superius
1191 1676 1423 1717 expressatun
1449 1672 1505 1714 jus
1535 1676 1729 1716 patronatus
1750 1676 1779 1704 et
1803 1671 2020 1717 presentandi
2041 1675 2208 1704 rectorem

333 1733 372 1766 ad
404 1733 524 1766 dictum
556 1733 671 1766 altare.
703 1736 864 1778 quociens
895 1738 924 1765 et
966 1732 1098 1777 1111311110
1139 1744 1262 1765 vacare
1292 1735 1482 1775 contigerit.
1515 1737 1743 1770 reservantes
1783 1735 2039 1778 incorporamus
2078 1735 2211 1766 unimus

331 1793 554 1839 approbamus
594 1797 838 1827 invisceramus
878 1798 906 1826 et
947 1794 1158 1837 adiungimus
1195 1798 1354 1839 perpetuo
1393 1798 1576 1826 statuentes
1615 1793 1737 1828 1-1111-10.
1784 1794 1869 1838 11111111
1901 1794 2058 1827 antedicti
2089 1804 2211 1827 census

331 1855 512 1888 secundnm
539 1867 614 1888 eum
653 1867 784 1889 omnem
825 1856 970 1888 modam.
1001 1858 1054 1900 11111
1092 1858 1245 1900 superius
1284 1859 1515 1900 expressatur.
1554 1854 1710 1887 ammodo
1740 1859 1769 1886 et
1809 1857 1939 1887 inantea
1979 1855 2211 1888 ecclesiastice

334 1916 473 1949 libertati
504 1916 686 1952 subiaceat.
727 1917 881 1962 quodque
921 1928 980 1962 per
1019 1927 1136 1949 omnes
1174 1921 1326 1949 rectores
1355 1916 1431 1949 dicti
1463 1916 1575 1949 altaris
1605 1921 1633 1948 et
1665 1916 1847 1949 allai-istas.
1889 1916 1965 1949 dum
2005 1921 2037 1949 et
2076 1914 2208 1960 quando

334 1981 541 2023 oportunitas
580 1978 608 2011 id
650 1981 816 2021 exegerit.
857 1989 1124 2023 percensuram
1156 1978 1420 2011 ecclesiasticam
1460 1980 1552 2019 exig-i
1591 1977 1722 2010 valeant
1754 1982 1783 2009 et
1816 1980 1951 2022 requiri.
2003 1977 2038 2010 ln
2069 1986 2210 2022 quorum

334 2042 477 2072 omnium
509 2044 537 2071 et
570 2040 775 2077 singulorum
809 2038 910 2072 robur
939 2043 971 2071 ct
1001 2041 1223 2072 testimoninm
1256 2044 1431 2083 presentes
1462 2039 1575 2072 literas
1605 2042 1736 2071 nostras
1778 2038 1846 2071 lieri
1885 2043 1917 2071 ct
1948 2049 2007 2084 per
2036 2037 2212 2072 Wences-

337 2100 420 2133 laum
452 2103 615 2133 notarium
646 2100 811 2145 publicum
842 2099 985 2133 scribam
1019 2104 1166 2133 nostrum
1198 2099 1358 2144 publicari
1389 2100 1556 2144 sig-illique
1586 2102 1769 2133 vicariatus
1799 2099 1944 2133 ecclesie
1975 2098 2211 2132 Otonmcensis

335 2165 540 2206 appensione
564 2160 729 2207 jussimus
759 2164 968 2194 coinnnmiri.
1003 2162 1086 2194 Acta
1126 2165 1197 2194 sunt
1231 2161 1291 2193 hec
1323 2161 1507 2194 t'hremsiri
1539 2164 1568 2194 in
1599 2160 1698 2194 domo
1728 2160 1948 2193 habitacionis
1979 2164 2093 2193 nosire
2123 2170 2211 2193 anno

337 2221 458 2255 1101111111
489 2222 665 2256 millesimo
695 2223 1028 2267 quadringentesinio
1050 2226 1159 2264 sexto,
1191 2223 1378 2255 indiccione
1401 2221 1502 2265 mg
1533 2222 1586 2255 dic
1608 2233 1690 2255 vero
1713 2221 1835 2255 xviii.
1869 2223 1994 2255 mensis
2015 2220 2105 2263 Maii,
2129 2221 2210 2254 hora

337 2286 513 2316 terciarnm
538 2284 589 2316 vel
612 2287 716 2328 quasi.
740 2283 949 2329 pontificatus
972 2285 1170 2316 sanctissimi
1194 2285 1222 2315 in
1246 2283 1381 2316 (tn-isio
1403 2286 1505 2328 patris
1527 2287 1556 2315 et
1587 2282 1709 2316 domini
1742 2285 1846 2316 nostri
1869 2282 1994 2315 domini
2018 2281 2209 2316 innocencii

337 2344 446 2377 divina
470 2345 686 2389 proxidencia
717 2356 801 2391 pape
836 2348 966 2390 septimi
1002 2355 1088 2377 anno
1123 2346 1223 2389 ipsias
1254 2345 1413 2377 secundo.
1448 2343 1660 2377 l’resentihus
1692 2342 1943 2377 honorabilibus
1983 2347 2016 2376 ct
2054 2342 2212 2377 disci-etis

334 2408 416 2438 viris
459 2410 618 2445 magistro
652 2406 855 2439 wenceslao
898 2406 938 2438 de
983 2405 1120 2450 (iureyn
1161 2405 1398 2439 (llomueensis
1441 2410 1471 2438 et
1520 2405 1724 2438 Brunnensis
1768 2404 1988 2438 ecclesiarum
2032 2406 2210 2446 canonico,

334 2465 500 2499 Michaele
531 2468 569 2499 de
592 2467 774 2511 Slawings,
805 2467 958 2500 .lohanne
981 2466 1020 2499 de
1041 2465 1259 2499 destrzebicz.
1291 2465 1512 2511 scriptoribus
1543 2468 1664 2499 nostris
1695 2468 1784 2498 circa
1817 2468 1980 2510 premissa
2010 2466 2209 2498 constitutis.

496 2527 529 2560 tii
563 2541 627 2564 ego
651 2528 875 2561 wenceslaus
907 2532 1001 2560 natus
1022 2526 1138 2560 jacobi
1162 2527 1202 2559 de
1224 2526 1447 2572 Mezerzyecz
1469 2527 1611 2560 clericus
1633 2527 1870 2559 (llomuccnsis
1893 2526 2040 2559 diocesis
2061 2524 2212 2571 publicus

338 2591 535 2621 auctoritate
567 2589 727 2633 imperiali
761 2592 910 2622 notarius
941 2593 1003 2621 etc.

658 2669 735 2697 ‘'rii—¹,
764 2670 843 2699 1ἰ’1·’;,
871 2669 894 2695 11,
924 2669 980 2697 Sia,
1009 2669 1184 2698 aligeris-wi,
1212 2668 1246 2692 1111
1275 2669 1347 2696 (11111,
1374 2668 1445 2701 (“311,
1473 2667 1624 2696 Archiv-2)
