2347 3153
1040 183 1114 217 383

139 291 239 333 alque
267 286 329 320 alia
360 289 448 320 circa
479 290 756 333 prosecucionem
787 290 890 334 ipsius
920 299 986 322 non
1017 291 1056 322 sit
1088 288 1173 322 sacta
1203 288 1380 334 diligencia
1420 288 1507 322 unde
1537 289 1670 324 deserta
1706 295 1876 324 censetur.
1927 294 2010 333 Quia

139 351 250 382 iumen
278 352 374 394 pater
401 346 595 382 beatissime
625 359 725 382 causa
756 351 825 395 ipsa
856 354 944 383 mota
976 349 1033 383 l'uit
1064 349 1160 384 dictis
1189 349 1436 396 exponentibus
1466 361 1505 384 ac
1535 353 1588 396 pic
1627 350 1786 389 creditur,
1827 357 1858 386 ut
1900 352 2010 386 litibus

138 408 395 444 involverentur
432 413 465 443 et
502 409 542 443 ad
582 414 768 443 extremum
808 410 1057 445 deducerentur
1094 415 1125 445 et
1163 411 1291 445 eisdem
1329 410 1526 445 dominabus
1563 411 1733 446 abbatisse
1762 417 1793 446 et
1825 418 2009 448 conventui

138 472 301 504 assistere
330 481 395 504 non
425 470 592 505 valerent.
621 471 826 517 supplicatur
854 483 884 504 c.
907 482 934 506 s.
956 483 989 506 v.
1020 483 1081 518 pro
1111 477 1205 518 parte
1234 475 1396 519 ipsorum.
1427 476 1581 518 quatinus
1606 476 1855 518 gravaminum.
1886 474 2010 520 appel-

138 530 320 574 lationum,
350 534 623 566 commissionum
655 536 685 565 et
715 532 855 565 aliorum
877 533 1102 578 predictorum
1126 538 1262 567 tenores
1283 533 1494 580 presentibus
1515 545 1575 580 pro
1596 534 1804 568 sufficienter
1824 546 2011 581 expressos

138 590 314 633 habentes,
344 592 453 627 eidem
483 592 618 626 domino
647 592 789 627 auditori
811 596 1021 628 committere
1043 594 1238 639 dignemini.
1260 599 1292 628 ut
1315 595 1421 628 dictos
1443 600 1653 640 exponentes
1674 594 1715 629 ad
1737 595 2009 641 prosequendum

138 652 404 700 appellacionem
435 653 577 687 eandem
607 653 756 687 admittat
787 654 840 688 vel
877 654 993 688 saltem
1030 655 1070 689 ad
1109 655 1340 702 appellandum
1380 655 1421 689 de
1451 666 1541 690 novo
1571 659 1723 690 restituat
1753 661 1785 690 et
1813 656 1854 690 ad
1885 668 2011 702 prosc-

137 713 305 759 quendum
334 713 496 748 admittat.
525 725 565 748 ac
594 716 685 760 ipsos
713 726 731 747 a
761 718 914 749 censuris
943 715 1082 753 eisdem,
1113 719 1267 762 quatinus
1297 716 1467 763 expediat.
1484 717 1680 763 simpliciter
1708 718 1762 751 vel
1783 717 1823 751 ad
1845 717 2009 751 cautelam

139 773 304 816 absolvat,
333 774 427 821 lapsu
457 774 604 809 fatalium
643 776 717 809 stilo
747 776 865 822 palacii
895 781 926 810 et
963 777 1035 811 aliis
1073 779 1104 811 in
1142 781 1345 812 contrarium
1385 777 1482 812 editis
1515 789 1581 812 non
1620 778 1827 813 obstantibus
1867 778 2012 824 quibus-

139 846 284 882 cunque.
313 835 350 870 In
378 834 444 871 fine
473 847 558 870 vero
587 836 674 870 dicte
704 840 951 871 commissionis
986 841 1060 872 sive
1089 838 1349 884 supplicacionis
1378 839 1495 873 cedule
1524 842 1647 885 scripta
1678 845 1771 873 erant
1802 840 1843 873 de
1871 840 2009 873 alterius

138 907 258 932 manus
284 896 394 941 litera,
423 899 590 944 superiori
619 897 715 931 litere
745 900 847 944 ipsius
876 898 994 933 cedule
1024 902 1155 945 penitus
1184 904 1215 933 et
1245 903 1380 934 onmino
1410 900 1560 934 dissimili
1595 905 1626 934 et
1660 900 1807 937 diversa.
1830 900 2009 935 videlicet:

138 956 191 993 De
218 957 376 993 mandato
404 958 528 995 domini
558 962 662 992 nostri
693 970 778 1005 pape
817 959 902 994 idem
940 960 1084 997 auditor,
1122 963 1149 994 si
1188 963 1217 994 ei
1255 964 1440 995 constiterit
1479 961 1520 995 de
1557 961 1801 1007 impedimentis
1840 962 2008 1008 predictis.

137 1022 289 1054 restituat
317 1023 351 1054 et
379 1018 533 1054 absolvat
562 1024 785 1066 exponentes.
817 1025 848 1054 ut
878 1024 1000 1067 petitur
1028 1026 1059 1055 et
1075 1022 1244 1065 justiciam
1266 1022 1375 1056 faciat.
1407 1021 1482 1056 Post
1503 1022 1733 1068 cujusquidem
1762 1025 2009 1056 remuiissionis

138 1082 214 1116 sive
241 1079 500 1127 supplicacionis
529 1080 648 1115 cedule
677 1084 972 1127 presentacionem
1002 1087 1032 1116 et
1072 1086 1309 1129 reeepcionem
1341 1083 1425 1116 idem
1458 1083 1611 1117 dominus
1642 1082 1850 1117 Bertrandus
1880 1083 2012 1117 auditor

138 1141 180 1176 ad
208 1140 345 1176 discreti
373 1144 438 1176 viri
468 1144 618 1188 magistri
649 1142 822 1176 Willielmi
852 1142 920 1176 Leo
958 1147 989 1178 in
1026 1155 1163 1178 romana
1202 1147 1294 1178 curia
1334 1150 1366 1178 et
1404 1144 1609 1190 prefatorum
1640 1145 1849 1178 dominorum
1880 1143 2009 1178 Nicolai

137 1202 243 1238 Potak
269 1207 303 1237 et
330 1202 460 1237 Nicolai
490 1202 653 1248 Weigtini
683 1204 915 1250 principalium
955 1207 985 1238 in
1015 1204 1101 1238 dicta
1131 1208 1369 1239 commissione
1399 1205 1626 1252 principaliter
1657 1208 1900 1239 nominatorum
1926 1214 2010 1251 pro—

138 1267 305 1299 curatoris
333 1266 544 1306 instanciam,
574 1264 615 1298 de
644 1266 740 1309 cujus
771 1268 1025 1312 procuracionis
1055 1266 1210 1300 mandato
1240 1266 1397 1311 legitimis
1426 1271 1557 1300 constat
1578 1266 1799 1301 documentis.
1830 1266 2011 1312 preliliatos

137 1323 313 1360 Nicolaum
352 1325 394 1360 de
423 1325 605 1369 Obersess‚
636 1324 827 1360 Conradum
859 1326 1069 1360 Sniccrbcck
1099 1332 1130 1360 et
1161 1326 1341 1361 Lickonem
1380 1330 1563 1361 canonicos
1602 1327 1750 1361 ecclesie
1788 1329 1893 1360 sancti
1925 1326 2011 1360 l'ctri

137 1385 348 1422 Brunnensis
384 1397 428 1421 ex
466 1386 614 1421 adverso
650 1388 852 1433 principales
891 1391 996 1421 ceiam
1038 1390 1069 1421 in
1108 1387 1193 1422 dicta
1233 1390 1483 1427 commissione,
1507 1393 1539 1421 ut
1568 1391 1781 1434 premittitur,
1817 1392 2007 1434 presentata

137 1458 183 1484 ex
209 1448 358 1483 adverso
386 1448 615 1495 principaliter
643 1451 832 1483 nominatos
861 1449 901 1482 ad
933 1448 1108 1483 dicendum
1130 1453 1160 1482 et
1182 1449 1431 1496 opponendum.
1453 1449 1599 1495 quitquid
1621 1449 1735 1482 dicere
1755 1459 1814 1482 seu
1836 1459 2009 1495 opponere

136 1509 263 1544 vellent
291 1513 408 1544 contra
438 1508 629 1544 huiusmodi
658 1512 906 1543 commissionis
935 1512 1010 1543 sive
1039 1510 1298 1556 supplicat-iouis
1328 1510 1478 1544 cedulam
1509 1521 1569 1556 per
1602 1509 1811 1543 audii-nciam
1843 1509 2008 1556 publicam

135 1569 308 1606 literni-um
338 1570 620 1605 contradictarum
652 1570 775 1604 domini
805 1574 908 1604 nostri
939 1582 1024 1617 pape
1052 1574 1147 1605 citari
1178 1571 1349 1605 mandavit
1383 1576 1413 1605 et
1437 1571 1515 1605 fecit
1536 1571 1574 1605 ad
1597 1575 1724 1604 certum
1747 1572 2008 1616 pereuiptorimu

137 1633 315 1666 terminum
344 1636 604 1678 competentem.
634 1631 669 1666 ln
700 1643 766 1677 quo
795 1634 937 1665 termino
968 1644 1028 1678 pei·
1057 1631 1179 1665 dictum
1207 1635 1402 1677 magistrum
1425 1631 1642 1666 witin-tinum
1665 1631 1732 1665 Leo
1754 1635 2008 1677 procuratorem

138 1703 254 1728 coram
292 1691 389 1727 nobis
426 1695 458 1727 in
492 1693 620 1737 judicio
663 1693 811 1738 legitime
846 1697 1096 1739 couqiareutcm
1136 1697 1167 1726 et
1205 1693 1347 1738 qiiadam
1384 1696 1557 1727 citaciouis
1595 1693 1770 1726 auilicncie
1809 1695 2004 1738 pergameni

137 1753 256 1789 cedula
285 1752 327 1789 ab
354 1753 521 1788 auditorio
550 1757 651 1800 ipsius
681 1754 804 1788 domini
836 1753 1012 1788 lli-rtraudi
1041 1759 1194 1788 emanata
1224 1758 1255 1787 et
1286 1758 1316 1788 in
1346 1755 1431 1788 dicta
1461 1754 1634 1788 audiencia
1666 1753 1795 1800 publicu
1831 1753 2001 1787 literarum

137 1814 420 1850 contradicturum
450 1814 561 1849 debite
599 1820 755 1849 executa.
795 1814 943 1849 cxliibita
983 1820 1014 1848 et
1051 1820 1294 1861 representata.
1333 1818 1579 1861 citatorumquc
1619 1818 1649 1849 in
1689 1827 1727 1848 ea
1767 1819 2002 1848 contentorum

136 1886 203 1911 non
231 1878 505 1923 compare-netum
535 1887 598 1911 nec
633 1881 749 1910 contra
790 1878 1060 1910 commissionem
1102 1875 1289 1910 liuiusmodi
1333 1876 1510 1923 quidquam
1556 1876 1662 1910 verbo
1704 1876 1757 1909 vel
1802 1878 1832 1909 iu
1876 1877 2010 1920 scriptis

137 1935 252 1971 dicere
293 1940 501 1975 cummium.
543 1941 753 1972 contumacia
797 1942 954 1970 accusata
999 1939 1146 1983 ipsisque
1189 1940 1297 1972 citatis
1336 1949 1401 1972 non
1440 1937 1726 1984 comparentibus.
1766 1937 1840 1970 licet
1881 1937 2010 1970 diucius

137 2000 339 2045 expectatis,
368 2001 533 2045 reputavit
565 2004 662 2045 prout
683 2003 776 2032 eraut
800 2001 918 2032 merito
939 2002 1168 2032 contumaces.
1199 1997 1327 2040 Quibus
1348 2002 1494 2045 peractis
1515 1999 1600 2033 idem
1623 2002 1784 2043 magister
1807 1997 2008 2031 Willielmus

137 2056 207 2094 Leo
241 2062 444 2106 procurator
479 2059 652 2106 predictus
691 2063 923 2106 procuratorio
961 2063 1093 2093 nominc
1130 2071 1195 2105 quo
1224 2071 1323 2106 ‚supra
1355 2060 1532 2094 nonnullos
1562 2062 1755 2106 posicioncs
1785 2063 1815 2092 et
1847 2059 2006 2092 articulos

134 2130 179 2154 oc
214 2123 307 2155 certa
341 2121 432 2165 jura,
470 2124 688 2156 instrumenta
728 2133 787 2155 scu
827 2124 1029 2155 inuniaicnta
1067 2120 1106 2153 ad
1146 2120 1388 2155 verificandum
1428 2125 1458 2155 in
1499 2122 1584 2155 dicta
1624 2123 1862 2155 commissione
1893 2119 2007 2153 ultimo

127 2184 343 2228 presentata,
372 2186 530 2216 contenta
560 2186 591 2216 ct
621 2182 661 2216 ad
691 2183 845 2217 effectum
877 2182 1102 2216 alisolucionis
1141 2181 1357 2216 obtinendum
1397 2182 1547 2216 exhibuit
1578 2187 1675 2228 atque
1705 2181 1806 2215 dedit.
1857 2183 2006 2222 Quorum

136 2243 345 2288 posicionum
374 2247 407 2276 et
436 2243 650 2277 articulorum
681 2249 778 2277 tenor
807 2247 955 2289 sequitur
986 2246 1014 2276 iu
1047 2243 1107 2276 licc
1130 2242 1247 2277 verba.
1278 2243 1332 2277 Ad
1354 2243 1594 2278 verificandum
1616 2245 1887 2277 commissionem
1911 2240 2007 2276 vobi>-

137 2301 274 2337 domino
310 2302 454 2338 auditori
492 2304 532 2337 ad
572 2307 767 2338 instanciam
806 2303 1049 2339 honorabilium
1091 2307 1238 2337 vii-oraui
1278 2304 1488 2339 dominorum
1519 2304 1646 2339 Nicolai
1679 2302 1778 2337 l‘olali
1819 2307 1849 2335 ct
1881 2302 2007 2336 Nic-olai

137 2359 303 2408 Weiglini
319 2363 597 2410 presbyterorum
616 2365 851 2399 Olomuccnsis
869 2366 1014 2398 diocesis
1032 2369 1147 2398 contra
1166 2369 1197 2397 et
1214 2365 1380 2399 adversus
1396 2365 1556 2411 quosdam
1575 2365 1766 2399 conrmtum
1784 2362 2006 2398 Snn·‹·rt·e‹·t‹.

136 2420 312 2458 Nicolaum
341 2424 510 2459 (ibet-sess
539 2431 570 2458 et
601 2425 782 2460 Lickonem
813 2431 961 2459 assertos
991 2428 1172 2459 canonicos
1202 2426 1347 2460 ecclesie
1376 2429 1481 2460 sancti
1513 2425 1598 2460 l'etri
1623 2425 1839 2460 Bromii-usis,
1863 2424 2008 2457 (iloniu-

136 2485 250 2519 censis
278 2483 426 2519 diocesis
456 2486 575 2520 factam
606 2491 638 2520 et
669 2492 894 2533 presentatum
924 2492 953 2518 et
985 2486 1023 2519 ad
1056 2486 1153 2519 tinem
1184 2490 1216 2519 ct
1237 2487 1403 2521 ell'ectuiu.
1427 2491 1457 2520 ut
1480 2498 1541 2519 vos
1563 2486 1695 2520 domiue
1717 2486 1847 2519 auditor
1868 2485 2007 2517 cosdem

136 2543 358 2591 presbyteros
386 2557 404 2580 a
435 2551 565 2593 prensis
603 2550 971 2582 excommnatvm-ionis
1001 2550 1194 2582 sentenciis.
1234 2550 1264 2581 in
1303 2551 1393 2594 ipsos
1432 2558 1491 2594 per
1529 2547 1706 2582 ot'licialcm
1747 2547 2007 2581 (llonmceus--m

135 2603 179 2639 nd
208 2604 372 2641 diciorum
402 2610 641 2642 canonicorum
673 2611 882 2643 instanciam.
914 2613 945 2641 ut
982 2609 1113 2642 dicitur.
1145 2608 1346 2650 fulminatos,v
1376 2608 1414 2641 ad
1453 2609 1616 2642 cauti-lain
1647 2607 1829 2642 absolvatis
1859 2608 2008 2651 aliasqw¹

136 2665 178 2700 od
207 2676 340 2701 omnem
371 2667 544 2702 meliorem
575 2668 672 2703 finem
703 2674 734 2703 et
765 2670 931 2703 cll'cctuni.
963 2673 993 2703 iu
1023 2681 1107 2714 quos
1137 2669 1166 2702 id
1199 2668 1338 2703 Nicolao
1360 2668 1459 2703 l'oluk
1490 2674 1522 2702 et
1552 2668 1690 2702 Nicolao
1715 2668 1873 2706 Weiflliui
1906 2679 2007 2713 pre>-
