2347 3153
1285 338 1396 375 315.

400 417 508 462 Papst
538 418 744 462 Βοηῐβηοῖηε
774 417 836 451 IX.
869 418 964 450 lleez'll
1003 418 1074 450 (lem
1107 416 1196 450 Abte
1235 417 1296 449 der
1326 416 1492 450 Sehotten
1535 419 1566 449 in
1606 416 1715 451 ll'e'en.
1756 418 1829 450 dem
1870 417 2030 451 Deeleanl
2064 428 2129 451 eon
2157 416 2271 452 Sanct

399 478 545 512 Severi„
563 480 594 511 ῖη
614 479 702 512 Ii'ola
722 479 789 511 nied
809 479 880 511 dem
905 478 1037 521 Proyer
1057 478 1199 522 Offiez'al
1215 478 1271 511 die
1291 477 1550 521 Entselwidtmq
1570 480 1613 511 im
1636 478 1802 511 Processe
1824 490 1874 511 mn
1897 478 1960 512 das
1980 478 2271 512 Patronatsrecld

400 540 461 573 der
490 540 542 573 St.
573 539 826 572 Jahobsltirelw
856 542 887 571 iu
909 538 1028 571 Brt‘llm
1060 550 1099 571 1-11
1124 539 1271 572 Gimsleu
1303 540 1362 573 cles
1386 539 1581 573 Oslaraner
1610 539 1771 573 Klosters
1799 541 1868 583 mit‚
1900 539 1969 573 und
1996 538 2135 584 befiehlt
2153 539 2268 582 iknen,

400 600 454 633 dic>
477 594 629 633 ,fimas-sin
662 601 728 632 um!
748 601 809 633 alen
835 600 989 632 (amarent
1008 601 1040 632 in
1063 600 1126 633 (len
1152 599 1268 634 Besitz-
1289 601 1350 634 der
1373 600 1597 645 Psarrlfe'rche
1618 601 1686 634 med
1705 600 1798 633 ihrer
1820 600 2009 645 Eialreinste
2029 600 2266 645 eimzufcihren.

1067 660 1125 694 Dt.
1158 660 1257 695 Rom.
1288 661 1347 695 21.
1379 661 1465 694 Jemz'
1494 661 1604 695 1404.

506 719 719 772 Bonil'aeius
750 742 928 785 episeopus
958 750 1080 774 servus
1110 752 1289 775 servorum
1329 741 1392 774 dei.
1450 741 1589 775 Dilectis
1619 740 1693 775 filiis
1723 739 1833 774 abbati
1864 743 2059 775 monasterii
2088 740 2268 775 Scotorum

402 803 433 833 in
464 799 634 845 W5enna.
675 800 883 834 l'ataxiensis
914 801 1070 844 diocesis.v
1109 805 1138 835 et
1177 801 1305 835 decano
1336 802 1483 836 ecclesie
1519 805 1624 836 sancti
1655 801 1814 836 Severini
1845 801 2036 836 Coloniensi
2065 813 2105 836 ac
2135 801 2270 836 officiali

400 860 562 903 Pragensi
601 860 738 894 salutem
777 866 807 910 et
846 862 1063 907 apostolicam
1102 861 1390 896 benediccionem.
1449 862 1606 896 Exhibita
1636 862 1732 897 nobis
1769 874 1830 908 pro
1870 867 1963 908 parte
2003 862 2198 897 dilectarum
2236 865 2270 896 in

397 920 529 954 Christo
559 920 697 955 tiliarum
729 921 896 956 abbatisse
926 927 957 956 et
983 928 1171 957 conventus
1192 927 1387 958 monasterii
1408 923 1507 958 vallis
1533 928 1650 957 sancte
1670 923 1779 958 Marie
1799 923 1840 957 de
1862 923 2012 969 Oslavia,
2035 922 2268 957 cisterciensis
2314 934 2317 937 ¹

395 982 533 1025 ordinis.
565 982 799 1017 Olomucensis
833 983 989 1018 diocesis.
1020 987 1141 1030 peticio
1171 984 1374 1019 continebat.
1407 985 1507 1030 quod‚
1529 985 1605 1019 licet
1626 985 1703 1019 olim
1733 983 1955 1030 parrochialis
1985 984 2129 1019 ecclesia
2159 987 2264 1019 sancti

395 1041 512 1076 Jacobi
554 1046 585 1076 in
629 1043 736 1088 burgo
766 1044 956 1078 Brunnensi
1001 1045 1088 1079 dicte
1127 1046 1271 1080 diocesis
1308 1046 1438 1092 prefato
1479 1049 1682 1080 monasterio
1719 1048 1882 1080 canonice
1920 1048 2023 1089 unita,
2062 1056 2196 1080 annexa
2234 1050 2267 1080 et-

395 1106 607 1149 ineorporata
648 1107 824 1140 extitisset.
861 1109 999 1151 ipseque
1036 1105 1202 1140 abbatissa
1233 1112 1264 1141 et
1298 1112 1486 1141 conventus
1516 1107 1656 1141 eandem
1686 1107 1865 1141 ecclesiam
1896 1106 2085 1141 huiusmodi
2112 1109 2257 1150 unioniS‚

396 1168 594 1199 annexionis
624 1170 655 1198 et
686 1168 974 1212 incorporacionis
1003 1171 1125 1212 vigore
1164 1173 1321 1202 assecute
1356 1168 1496 1203 fuissent
1527 1180 1669 1214 eamque
1699 1171 1730 1202 in
1760 1171 1915 1215 proprios
1945 1179 2024 1202 usus
2053 1179 2070 1202 a
2100 1172 2268 1214 tempore,

396 1229 488 1259 cuius
528 1229 703 1260 contrarii·
725 1231 885 1261 memoria
924 1240 990 1262 non
1021 1232 1191 1272 extiterat,
1227 1233 1411 1264 tenuissent
1443 1234 1474 1264 et
1504 1230 1734 1276 possedissent
1763 1228 1902 1275 pacifice
1933 1234 1967 1263 ct
1994 1231 2119 1275 quiete,
2155 1233 2267 1263 tamen

397 1287 607 1332 postmodum
638 1287 748 1321 dilecti
778 1287 832 1322 filii
863 1292 1054 1335 prepositus
1084 1294 1116 1323 et
1145 1291 1323 1336 capitulum
1354 1291 1501 1325 ecclesie
1531 1294 1638 1325 sancti
1660 1290 1748 1325 Petri
1779 1294 1809 1325 in
1840 1290 1974 1324 Brunna
2005 1290 2093 1324 dicte
2122 1289 2266 1325 diocesis

394 1359 432 1380 ac
463 1347 637 1382 Conradus
667 1349 867 1384 Smerbeck.
908 1354 961 1396 qui
999 1362 1036 1384 sc
1074 1354 1163 1396 gerit
1202 1363 1262 1398 pro
1292 1355 1456 1386 canonico
1488 1355 1590 1398 ipsius
1619 1352 1764 1386 ecclesie
1785 1354 1891 1385 sancti
1917 1351 2017 1394 Petri,
2048 1350 2134 1385 salso
2163 1361 2265 1385 asse—

395 1415 518 1452 rentes,
549 1410 688 1443 eandem
726 1410 971 1456 parrochialem
1012 1412 1190 1446 ecclesiam
1231 1424 1346 1447 mense
1377 1413 1549 1459 capitulari
1579 1416 1682 1459 ipsius
1712 1412 1858 1447 ecclesie
1886 1415 1994 1446 sancti
2023 1411 2112 1446 Petri
2141 1414 2264 1446 unitam

402 1470 487 1513 sort-3
518 1482 556 1503 ac
587 1470 713 1505 eisdem
735 1471 903 1506 abbatisse
932 1477 962 1506 et
993 1477 1173 1507 conventui
1195 1478 1311 1507 contra
1331 1475 1499 1518 justiciam
1520 1487 1557 1508 se
1577 1479 1796 1520 opponentes,
1819 1474 2063 1520 impediverunt
2092 1477 2125 1507 et
2153 1476 2266 1520 impe-

397 1530 487 1564 diunt
517 1542 555 1564 ac
586 1532 739 1565 fecerunt
777 1537 807 1566 et
842 1532 979 1576 faciunt,
1018 1537 1194 1579 quominus
1234 1538 1304 1581 ipsc
1341 1534 1508 1570 abbatissa
1548 1540 1579 1569 et
1618 1540 1806 1570 conventus
1845 1535 1987 1569 eandem
2017 1534 2265 1581 parrochialem

395 1592 573 1625 eeclesiam
614 1598 749 1638 possent
786 1593 926 1639 pacifice
963 1595 1137 1641 possidere
1177 1600 1206 1629 et
1243 1596 1327 1630 alias
1366 1597 1502 1630 easdem
1533 1596 1735 1630 abbatissam
1765 1601 1795 1629 et
1826 1600 2029 1631 conventum
2060 1607 2163 1642 super
2191 1598 2264 1642 ipsa

396 1652 597 1697 parrochiali
634 1654 780 1688 eeclesia
817 1659 849 1688 et
886 1659 956 1689 eius
993 1660 1174 1690 occasione
1214 1657 1436 1703 multipliciter
1467 1657 1695 1699 inolestarunt,
1726 1662 1896 1691 vexarunt
1925 1662 1957 1691 et
1987 1660 2092 1691 eciam
2122 1661 2264 1704 pertur-

394 1713 531 1755 baruntg
561 1719 593 1747 et
622 1715 856 1749 nichilominus
892 1716 990 1750 iidem
1022 1720 1212 1764 propositus
1242 1723 1274 1752 et
1304 1719 1483 1765 capitulum
1514 1723 1542 1751 et
1575 1718 1750 1752 Conradus
1780 1721 1962 1752 occasione
1991 1721 2122 1752 unionis
2151 1728 2262 1752 anne-

393 1777 501 1808 xionis
538 1781 567 1807 et
606 1779 892 1822 incorporacionis
932 1778 1019 1812 dicto
1060 1783 1275 1823 monasterio,
1315 1785 1346 1813 ut
1389 1780 1567 1826 prefertur,
1609 1780 1770 1813 saetarum
1810 1779 1849 1812 ad
1890 1779 2005 1813 sedem
2045 1778 2262 1826 apostolicam

392 1836 617 1881 aqip1·lla1·unt;
657 1849 785 1883 nosque
823 1850 957 1873 causam
996 1840 1236 1885 appellacionis
1274 1840 1462 1875 huiusmodi
1499 1845 1526 1874 et
1568 1843 1702 1885 negocii
1732 1840 1924 1886 principalis
1953 1839 2139 1875 venerabili
2169 1839 2262 1874 fratri

395 1901 509 1930 nostro
547 1897 675 1931 ,laeobo
719 1902 879 1945 episcopo
918 1899 1152 1945 Aquilauensh
1198 1906 1273 1935 tunc
1317 1902 1492 1948 capellano
1537 1906 1651 1936 nostro
1694 1906 1726 1935 et
1768 1902 1910 1935 auditori
1939 1913 2115 1936 causarum
2146 1901 2264 1948 palacii

395 1958 579 2003 apostolici.
617 1960 655 1993 ad
696 1962 891 1995 instanciam
931 1962 1094 1996 dictorum
1125 1966 1295 2009 prepositi,
1328 1963 1461 2009 capituli
1499 1967 1531 1996 et
1561 1962 1705 1996 Conradi
1746 1962 1944 1997 audiendam
1974 1964 2202 1997 commisimus
2232 1966 2265 1996 et

393 2018 457 2052 line
487 2020 596 2052 debito
627 2022 882 2063 terminandam,
913 2034 977 2056 non
1008 2023 1174 2067 obstante,
1213 2024 1300 2069 quod
1332 2036 1433 2058 causa
1465 2027 1535 2070 ipsa
1565 2023 1605 2057 de
1635 2026 1684 2057 sui
1716 2028 1832 2057 natura
1862 2023 1902 2057 ad
1933 2034 2105 2058 romanam
2135 2026 2264 2057 curiam

393 2080 538 2117 lemniae
569 2081 723 2115 devoluta
755 2087 785 2116 et
816 2084 901 2129 apud
934 2096 1006 2117 eam
1039 2085 1211 2119 tractanda
1242 2090 1275 2119 et
1305 2085 1447 2119 linienda
1478 2096 1543 2119 non
1574 2089 1685 2127 esset;
1717 2088 1770 2130 qui
1801 2085 1932 2130 quidem
1964 2087 2155 2131 episcopus,
2186 2089 2265 2119 tunc

392 2142 523 2174 auditor
565 2143 602 2175 ad
649 2147 843 2177 instanciam
889 2145 997 2178 dilecti
1042 2145 1096 2179 lilii
1140 2149 1290 2191 magistri
1320 2146 1492 2180 withelmi
1536 2146 1615 2187 Leo,
1659 2145 1823 2180 substituti
1868 2158 1927 2192 per
1965 2145 2120 2180 dilectum
2160 2145 2259 2180 filium

393 2205 585 2242 maeistrum
626 2204 803 2239 (ivi-lacum
843 2206 883 2239 de
920 2206 1008 2240 Eseb
1049 2206 1216 2241 abbatisse
1256 2212 1287 2241 et
1326 2212 1525 2250 conventus,
1565 2219 1678 2241 coram
1718 2220 1759 2240 eo
1799 2211 1829 2241 in
1864 2207 1992 2252 judicio
2035 2210 2262 2254 comparentis

392 2262 546 2296 dilectum
579 2264 676 2298 lilium
709 2269 904 2311 magistrum
925 2267 1113 2302 johannem
1136 2268 1176 2301 de
1198 2269 1385 2311 Sei-ivanis,
1416 2268 1626 2302 substitutum
1658 2280 1716 2314 per
1746 2269 1903 2303 dilectum
1934 2268 2033 2303 silium
2063 2271 2260 2314 magistrum

392 2323 563 2357 Nieolaum
598 2325 810 2369 l³allienberg
850 2331 1007 2373 prepositi
1047 2329 1179 2374 capituli
1210 2335 1241 2362 ct
1271 2330 1429 2371 t'onradi,
1461 2329 1685 2375 predictorum
1717 2334 1969 2375 procuratores,
1999 2334 2098 2376 prout
2126 2329 2166 2363 ad
2197 2328 2261 2363 hoc

392 2384 554 2418 (iet-laen>
599 2386 638 2419 ab
681 2387 849 2421 abbatissa
894 2394 925 2421 et
969 2395 1137 2423 conventu
1175 2394 1203 2423 et
1245 2390 1403 2424 Nicolaus
1439 2390 1557 2436 prel'ati
1597 2402 1613 2423 a
1646 2393 1828 2436 preposito„
1867 2390 2012 2436 capitulo
2042 2395 2074 2424 ct
2103 2389 2259 2425 Conrado

392 2446 528 2490 pri-satis
568 2448 737 2481 >alliciens
776 2450 964 2483 mandatum
1006 2450 1171 2484 habebant
1207 2456 1238 2485 et
1276 2452 1382 2485 eidem
1420 2454 1578 2497 episcopo
1626 2456 1701 2485 time
1741 2452 1881 2485 auditori
1921 2452 2006 2498 apud
2045 2456 2119 2487 acta
2159 2463 2261 2487 cause

393 2506 578 2540 huiusmodi
612 2509 759 2548 legitime
799 2511 985 2545 constabat.
1023 2512 1061 2544 ad
1103 2512 1246 2546 dandum
1277 2517 1307 2546 et
1339 2512 1566 2558 recipiendum
1599 2512 1741 2546 libellum
1783 2517 1812 2547 iu
1850 2525 1950 2547 eausa
1982 2513 2169 2548 huiusmodi
2200 2524 2261 2559 per

391 2568 554 2612 quendam
595 2582 767 2603 cursorem
809 2577 957 2605 nostrum
996 2576 1089 2606 citari
1129 2574 1204 2607 feeit
1242 2574 1280 2606 ad
1322 2578 1448 2607 certum
1489 2576 1662 2606 terminum
1705 2577 1965 2620 peremptorium
1996 2578 2256 2620 competentem.

392 2628 424 2661 ln
456 2640 521 2673 qno
551 2630 655 2663 dii-tos
689 2631 890 2665 willielmus
921 2645 1033 2666 eoram
1065 2634 1182 2667 eodem
1215 2638 1373 2680 episeopo
1404 2639 1479 2667 tunc
1509 2634 1659 2667 auditor«-
1691 2638 1720 2667 in
1746 2635 1873 2678 judicio
1895 2646 2096 2681 comparens
2116 2634 2256 2681 predicti

390 2689 552 2724 joliannis
583 2703 644 2723 non
677 2697 901 2738 conquirentis
932 2699 1174 2728 ‹·oninin:=‹·iam
1206 2699 1378 2729 accusavit
1409 2700 1437 2728 et
1471 2698 1499 2728 in
1531 2698 1601 2728 eius
1631 2699 1873 2729 ‹-o1nuniaciani
1896 2696 2060 2741 quemlam
2083 2707 2142 2742 pro
2163 2701 2257 2742 purte
