2347 3153
1023 192 1097 226 357

123 308 238 332 camus
280 309 319 331 ac
359 297 398 331 ad
443 301 589 331 vestram
629 302 660 330 et
699 296 873 341 cujuslibet
914 302 1063 330 vestrum
1100 298 1256 330 noticiam
1295 296 1489 329 deducimus
1528 300 1558 329 et
1599 296 1717 329 deduci
1749 296 1902 330 volumus
1933 308 1992 343 pei·

121 363 320 405 presentes;
351 359 547 392 mandantes
578 358 810 392 nichilominus
841 357 937 391 vobis
966 362 996 390 et
1028 356 1162 391 cuilibet
1191 361 1340 390 vestrum
1373 359 1403 390 in
1433 359 1556 390 virtute
1587 362 1702 390 sancte
1732 356 1929 391 obediencie
1958 363 1987 390 et

121 419 183 454 sub
221 422 589 454 excommunicacionis
627 431 722 465 pena.
759 430 854 464 quam
896 422 925 452 in
966 430 1027 452 vos
1066 423 1096 452 et
1135 417 1313 464 quemlibet
1344 423 1493 451 vestrum
1525 421 1555 451 in
1587 417 1649 452 biis
1678 421 1810 464 scriptis
1841 419 1990 453 l'erinms.

122 484 150 516 si
170 492 222 524 ea7
247 492 312 527 que
334 480 429 515 vobis
450 486 480 514 et
503 480 635 514 cuilibet
657 485 806 514 vestrum
829 483 1078 513 committimus.
1101 479 1332 524 neglexeritis,
1349 490 1408 513 seu
1426 482 1696 525 contempseritis
1717 483 1994 514 contunnnaciler

122 541 319 589 adimplere.
363 542 512 575 districte
555 540 771 587 precipiendo
815 541 1022 574 mandamus.
1067 545 1230 585 qnatenus
1273 544 1362 586 ipsos
1407 541 1560 574 dominos
1605 540 1777 574 Nicolaum
1820 540 1921 574 l’olak
1963 546 1995 574 et

123 601 299 637 Nicolaum
330 602 494 647 Weigttni
525 613 584 648 per
613 613 686 642 nos,
717 606 749 635 ut
781 602 959 648 prefertur.
991 601 1163 635 absolutos
1193 606 1223 634 et
1255 604 1424 635 restitutos
1454 605 1484 635 in
1515 605 1638 635 vestris
1668 602 1821 636 ecclesiis
1850 603 1995 647 singulis

121 663 239 698 diebus
268 663 444 698 dominicis
473 668 504 697 et
535 663 665 697 festivis
695 663 781 697 intra
813 665 989 696 missarum
1020 662 1218 707 solempnia.
1249 662 1324 695 dnm
1356 662 1496 708 populns
1527 662 1673 696 lidelium
1705 662 1824 697 ibidem
1856 674 1993 696 eonve-

121 727 210 759 nerit
236 723 279 758 ad
309 723 422 758 divina
452 728 506 757 aut
536 724 617 758 alias
646 728 875 769 congregatus
905 722 1016 757 suerit.
1047 722 1179 768 quando
1204 728 1235 756 et
1257 726 1418 768 quociens
1438 734 1542 769 super
1562 723 1625 758 boc
1648 735 1707 770 pro
1729 729 1822 770 parte
1845 727 1989 770 ipsorum

121 785 331 820 dominorum
354 784 482 819 Nicolai
512 789 545 818 et
565 784 695 818 Nicolai
726 784 958 830 principalium
989 784 1117 817 fueritis
1148 787 1296 830 requisiti
1322 795 1381 818 sen
1402 784 1486 818 alter
1507 790 1657 819 vestrum
1681 785 1776 818 suerit
1800 788 1989 830 requisitus.

121 845 229 893 palam
269 850 302 880 et
339 845 470 892 publice
508 848 685 889 nunciens,
725 856 809 891 quos
847 849 878 878 et
918 856 1034 878 eorum
1074 845 1252 890 quemlibet
1293 857 1354 879 nos
1392 849 1497 879 eciam
1538 851 1655 880 tenore
1693 849 1904 892 presencium
1943 849 1991 880 sic

121 906 293 942 absolutos
335 906 470 953 publice
512 909 719 940 nunciamus.
777 905 811 940 In
855 916 996 951 quorum
1040 909 1185 940 omnium
1229 911 1260 940 et
1303 907 1510 951 singulorum
1555 906 1652 941 tidem
1692 913 1722 941 ei
1767 910 1991 941 testimonium

121 971 360 1015 premissorum
404 972 581 1014 presentes
632 967 746 1001 literas
793 978 852 1001 seu
903 977 1044 1013 presens
1087 966 1251 1012 publicum
1301 970 1553 1001 instrumentum
1603 968 1794 1002 huiusmodi
1845 972 1992 1002 nostram

120 1027 371 1064 absolucionem
401 1032 432 1062 in
461 1040 498 1061 se
528 1031 739 1062 continentes
768 1031 842 1062 sive
863 1030 1038 1061 continens
1059 1031 1182 1061 exinde
1204 1028 1274 1062 lieri
1295 1033 1328 1062 et
1349 1040 1408 1075 per
1428 1028 1615 1063 Joliannem
1639 1032 1802 1063 notarium
1825 1029 1989 1075 publicum

120 1093 340 1136 nostrumque
377 1094 409 1123 et
439 1089 629 1134 hujusmodi
668 1100 770 1123 cause
806 1100 920 1122 coram
951 1088 1047 1122 nobis
1085 1089 1229 1122 scribam
1267 1089 1516 1136 infrascriptum
1555 1090 1720 1124 subscribi
1757 1095 1786 1124 et
1825 1090 1983 1136 publicari

121 1150 366 1193 mandavimus,
395 1154 569 1196 nostrique
597 1150 696 1191 sigilli
737 1151 877 1184 lecimus
907 1153 1112 1196 appensione
1142 1154 1353 1184 communiri.
1412 1151 1532 1185 Datum
1563 1156 1594 1185 et
1627 1156 1736 1185 aetum
1768 1151 1876 1186 Rome
1905 1152 1991 1198 apud

120 1215 271 1246 sanctum
301 1210 435 1246 Petrum
467 1214 498 1245 in
528 1212 658 1258 palacio
687 1223 864 1246 causarum
895 1211 1092 1257 apostolico,
1123 1214 1153 1244 in
1183 1223 1248 1257 quo
1274 1213 1349 1256 jura
1380 1211 1473 1246 reddi
1504 1212 1625 1249 solent,
1657 1211 1753 1246 nobis
1783 1212 1860 1246 inibi
1892 1223 1989 1246 mane

121 1271 204 1307 bora
240 1283 418 1307 causarum
453 1274 493 1306 ad
526 1274 602 1317 jura
633 1273 837 1307 reddendum
869 1276 900 1307 in
931 1273 1005 1306 loco
1040 1278 1155 1306 nostro
1185 1272 1282 1306 solito
1313 1284 1372 1319 pro
1403 1272 1557 1307 tribunali
1587 1273 1782 1307 sedentibus
1812 1273 1872 1307 sub
1901 1284 1989 1307 anno

120 1344 138 1367 a
167 1335 342 1368 nativitate
370 1334 493 1368 domini
525 1334 701 1368 millesimo
731 1333 1065 1379 quadringentesimo
1095 1336 1220 1380 quinto.
1251 1334 1440 1367 indiccione
1471 1336 1573 1367 tercia
1595 1334 1737 1368 decima.
1759 1335 1811 1368 die
1832 1334 1989 1368 Mercurii

122 1396 282 1429 vicesima
312 1398 436 1428 octava
476 1398 599 1429 mensis
627 1395 789 1432 Januarii.
828 1394 1040 1441 pontificatus
1069 1398 1268 1429 sanctissimi
1309 1398 1339 1429 in
1369 1395 1503 1429 Christo
1540 1399 1641 1442 patris
1671 1400 1703 1430 et
1731 1397 1854 1430 domini
1885 1399 1987 1430 nostri

120 1455 244 1489 domini
273 1454 465 1490 lnnocencii
495 1457 607 1490 divina
638 1456 855 1502 providencia
896 1467 980 1502 pape
1010 1459 1140 1502 septimi
1171 1467 1257 1490 :inno
1288 1459 1407 1502 primo.
1442 1456 1652 1502 presentibus
1683 1456 1802 1490 ibidem
1833 1457 1987 1490 discretis

120 1518 204 1551 viris
242 1519 411 1562 magistris
449 1516 606 1551 Conrado
644 1516 738 1550 Rode
775 1522 807 1550 et
847 1515 1029 1551 ltilbrando
1068 1517 1227 1550 Sclieine.
1272 1520 1410 1551 notariis
1454 1516 1593 1563 publicis
1636 1517 1822 1563 scribisque
1866 1520 1988 1551 nostris

117 1576 252 1613 clericis
271 1576 484 1613 Coloniensis
505 1583 536 1611 et
558 1578 825 1612 padeburnensis
847 1578 1004 1612 diocesis.
1028 1578 1166 1612 testibus
1187 1578 1225 1611 ad
1249 1581 1410 1624 premissa
1433 1581 1562 1612 vocatis
1583 1579 1773 1625 specialiter
1794 1583 1825 1612 et
1848 1581 1985 1623 rogatis.

274 1637 315 1672 Et
344 1648 410 1683 ego
430 1638 603 1673 ,iohannes
623 1638 821 1672 wem-mari
843 1639 884 1672 de
905 1638 1051 1672 Durstcn
1073 1639 1215 1673 clericus
1237 1639 1448 1672 Coloniensis
1469 1639 1614 1673 diocesis
1637 1639 1784 1685 publicus
1805 1640 1988 1686 apostolica

116 1701 318 1733 anctoritate
347 1702 498 1733 notarius
528 1704 592 1733 etc.

427 1770 518 1803 (Oi-ie,
547 1771 627 1800 t’vm.
655 1771 703 1795 mit
729 1772 783 1795 :inlu
822 1771 880 1801 Εἰς,
907 1771 942 1796 im
971 1771 1099 1797 ltrx‘inner
1125 1772 1319 1799 senten-etot,
1346 1771 1405 1804 sig.
1427 1772 1460 1798 N.
1490 1773 1510 1799 Ι.
1539 1773 1585 1798 ”.’Ῐ4

1000 1918 1113 1953 356.

120 1985 246 2022 Lacele.
278 1984 430 2031 Bia-laos
453 1999 516 2019 rou
541 1986 686 2022 Olnullz.
717 1989 908 2031 eonfirmir!
937 1988 992 2021 alie
1023 2000 1094 2020 rom
1119 1987 1292 2030 illnyister
1315 1987 1447 2033 Philipp
1471 2001 1533 2021 ron
1559 1989 1674 2022 Bruma
1701 1990 1769 2022 mul
1788 1989 1933 2033 I’farrei·
1953 1990 1985 2022 ln

119 2046 298 2082 Strasslmu
313 2046 502 2081 erriclaeete
514 2047 782 2092 Alloraalislmaey
798 2050 830 2081 in
850 2049 912 2082 der
926 2048 1216 2082 ,suit-haelst-irem·
1235 2061 1273 2081 zu
1288 2048 1419 2083 thim.
1440 2049 1496 2083 m.
1514 2050 1641 2084 Brimo.
1660 2049 1688 2082 Ι.
1706 2049 1890 2083 Februnrl
1906 2050 1986 2083 705.

275 2113 431 2168 anzko
452 2134 504 2168 dei
526 2138 641 2179 gracia
663 2138 842 2182 episeopus
859 2136 1105 2170 tilomncensis.
1140 2135 1258 2169 Notum
1283 2136 1422 2170 l'aciinus
1443 2141 1560 2171 tenore
1578 2141 1787 2183 presencium
1807 2139 1984 2170 universis.

116 2194 212 2238 Quod
242 2197 274 2230 in
303 2199 416 2230 nostra
447 2199 623 2241 presencia
645 2197 867 2242 personaliter
887 2200 1084 2231 constitutus
1107 2196 1312 2231 honorabilis
1333 2200 1385 2231 vir
1407 2202 1566 2238 magister
1588 2198 1755 2244 Philippus
1777 2198 1816 2230 de
1840 2197 1985 2231 Bromia.

117 2255 327 2290 baccalarins
357 2259 387 2289 in
417 2255 574 2290 decretis.
606 2261 719 2291 rector
747 2257 967 2303 parrochialis
996 2258 1140 2291 ecclesie
1171 2261 1201 2291 in
1223 2257 1378 2292 Sin-uzka.
1402 2258 1637 2292 tlloniucensis
1658 2258 1814 2291 diocesis.
1842 2258 1984 2291 devotus

118 2320 234 2351 noster
261 2316 402 2350 dilectus
431 2315 527 2350 nobis
556 2321 723 2363 exposuit.
754 2318 897 2364 qualiter
926 2321 996 2365 ipse
1027 2322 1056 2352 in
1087 2322 1197 2351 animo
1233 2329 1294 2351 suo
1331 2323 1457 2352 matura
1502 2319 1750 2352 deliberacione
1791 2319 1985 2352 revolvens.

115 2387 154 2411 se
183 2375 237 2412 bic
266 2382 518 2424 permanentem
540 2381 709 2412 civitatem
732 2391 796 2413 non
818 2378 956 2413 babere.
979 2384 1009 2412 et
1030 2380 1068 2412 nd
1093 2379 1235 2412 saturam
1257 2380 1488 2424 inquirendam
1512 2380 1650 2426 provida
1674 2385 1784 2413 mente
1806 2382 1983 2421 cogitaret.

116 2439 212 2472 cuins
235 2442 404 2472 structure
426 2450 485 2485 pro
516 2450 576 2472 suo
607 2451 717 2485 posse.
740 2440 848 2474 donee
870 2443 934 2474 vita
958 2440 1019 2474 sibi
1041 2451 1154 2472 eomes·
1177 2443 1277 2475 esset.
1300 2439 1453 2474 laudabili
1477 2443 1746 2474 conversacione
1767 2453 1805 2473 ae
1827 2440 1984 2486 operibus

117 2497 297 2533 fructuosis
326 2501 499 2533 intendere
532 2500 644 2534 vellet.
677 2501 903 2542 Quantobrem
934 2502 974 2534 de
1006 2501 1100 2534 bonis
1130 2513 1146 2532 a
1178 2499 1242 2532 deo
1271 2499 1331 2534 sibi
1361 2501 1500 2534 collatis.
1533 2506 1561 2534 et
1594 2513 1653 2546 pei·
1682 2513 1756 2534 enin
1780 2503 1871 2544 justo
1894 2500 1984 2533 titulo

116 2562 289 2605 acquisitis
317 2559 483 2605 quoddam
515 2560 618 2594 altare
649 2564 679 2595 in
711 2561 838 2595 bonore
868 2562 1019 2601 gloriose
1051 2563 1191 2597 vimini-
1223 2560 1328 2595 ¹llari·-
1357 2561 1509 2607 zaman-
1547 2565 1575 2595 in
1607 2563 1752 2595 eeclesia
1784 2561 1983 2608 parrochiali

115 2623 222 2654 sancti
251 2619 428 2654 Michaelis
471 2624 567 2654 situm
609 2621 810 2656 t'iiiidaverit.
853 2627 1012 2655 erexerit.
1053 2622 1150 2654 modo
1190 2622 1471 2669 iiil’raseriptoqm·
1511 2623 1689 2656 dotaverit.
1748 2625 1860 2664 (Junrn'
1891 2622 1984 2655 nobis

116 2684 284 2727 tamquam
324 2682 506 2715 diocesano
545 2686 574 2714 et
615 2682 676 2716 loei
716 2683 886 2717 ordinario
925 2694 998 2716 eam
1038 2682 1146 2715 debita
1185 2686 1345 2717 instant-‚in
1386 2683 1552 2717 humiliter
1582 2684 1791 2729 >appla-atil.
1822 2688 1983 2729 quatenus

1839 2752 1878 2775 ΙΨ
