2347 3153
979 242 1042 276 111

75 349 131 383 dei
163 348 348 383 venerabili
390 348 483 382 l'ratri
514 347 738 382 wenceslao.
770 347 958 393 patriarche
988 346 1209 380 Anthiocensi
1239 346 1378 380 salutem
1409 350 1438 379 et
1469 345 1685 392 apostolicam
1716 350 1779 378 etc.
1830 345 1947 378 Datum

75 409 184 444 Rome
220 414 296 456 aput
334 409 504 443 Sanctum
544 408 676 443 Petrum
715 402 787 442 Vll.
828 408 903 442 ldus
942 407 1157 442 Novembris.
1188 406 1398 453 pontificatus
1436 409 1539 440 nostri
1575 417 1661 440 anno
1697 406 1823 439 nono.‘·'
1866 405 1947 439 Cani

83 475 194 506 autem
216 476 330 504 vestra
352 482 434 516 erga
456 482 517 504 nos
538 470 596 504 dex
607 473 681 503 ocio
711 482 747 503 se
777 482 872 515 quani
896 470 1070 515 plurimum
1092 473 1222 513 gratam
1247 467 1428 501 reddiderit
1448 472 1478 501 et
1508 471 1716 513 acceptatam
1747 477 1947 512 speremus—

75 542 140 578 que
182 542 245 566 vos
283 534 314 565 in
354 531 500 565 futurum
541 535 630 564 tanto
669 530 862 564 servencius
901 530 1051 564 l'amulari
1091 534 1121 562 et
1159 529 1372 575 complacere
1410 528 1547 564 debere.
1586 533 1709 574 quanto
1749 530 1856 572 inagis
1885 538 1947 561 vos

81 596 195 627 nostra
216 596 431 639 conspexerit
464 591 699 626 benivolencia
732 592 891 626 dotatum.
913 594 1111 625 auctoritate
1143 594 1242 635 igitur
1271 591 1454 636 apostolica
1485 593 1515 623 in
1546 590 1608 624 bac
1638 594 1731 636 parte
1760 589 1892 629 suffulti,
1916 593 1947 622 ut

81 653 315 688 confessorem
353 653 512 687 idoneum
553 653 680 697 eligere
721 653 860 686 valeatis
898 657 926 685 et
965 651 1099 698 quilibet
1138 656 1287 685 vestrum
1327 651 1417 685 valet
1446 650 1543 684 vobis
1573 655 1603 684 et
1633 650 1765 684 cuilibet
1796 655 1946 683 vestrum

78 714 210 760 plenam
250 716 483 748 remissionem
522 717 667 747 omnium
714 719 926 759 peccatorum
967 717 1156 747 vestroruin
1193 718 1222 746 et
1263 712 1397 746 cuilibet
1434 717 1597 746 vestrum.
1629 712 1669 745 de
1699 711 1816 757 quibus
1845 711 1948 744 corde

78 778 241 810 contritus
270 780 302 809 et
331 786 391 809 ore
421 775 602 809 consessus
633 776 744 810 l'uerit.
776 787 834 808 seu
864 774 998 820 quilibet
1028 779 1179 808 vestrum
1211 774 1306 808 fuerit
1338 774 1442 808 semel
1473 778 1596 807 tantum
1619 776 1648 806 in
1671 776 1786 806 mortis
1807 772 1947 805 articulo

78 836 269 871 concedere
298 836 422 872 valeat.
455 835 551 870 vobis
581 842 611 869 et
644 836 777 870 cuilibet
805 841 952 870 vestrum
985 840 1101 869 tenore
1122 839 1333 881 presencium
1356 835 1517 879 largimur
1537 838 1566 868 in
1588 834 1722 868 domino
1744 834 1945 867 l'acultatein.

74 897 122 933 lta
153 903 277 938 tamen,
307 898 394 943 quod
436 898 521 931 idem
563 898 744 931 consessor
781 898 821 931 de
857 897 931 932 biis.
962 898 1002 930 de
1040 896 1158 942 quibus
1194 896 1290 930 suerit
1322 896 1415 929 alteri
1454 896 1645 929 satisfaccio
1689 895 1853 929 l'acienda.
1885 906 1946 927 vos

76 964 109 993 et
138 958 276 1005 quilibet
307 964 469 993 vesti-uni.
500 962 526 992 si
558 962 832 1005 supervixeritis.
864 959 916 992 vet
946 958 1063 1003 aliquis
1100 962 1249 991 vestrum
1285 960 1524 1003 supervixerit.
1555 957 1608 990 vel
1638 956 1783 990 heredes
1813 961 1946 990 vestros

76 1025 107 1054 et
140 1025 290 1055 vestrum
320 1020 514 1065 quemlibet.
545 1031 603 1053 seu
635 1020 729 1056 alios.
759 1022 785 1053 si
816 1019 901 1053 sorte
930 1030 992 1053 vos
1022 1024 1053 1052 et
1082 1024 1232 1052 vestrum
1264 1017 1441 1064 quemlibet
1464 1022 1610 1062 migrare
1632 1020 1822 1058 contigerit.
1850 1017 1946 1051 vobis

76 1086 108 1116 et
137 1080 270 1116 cuilibet
300 1085 450 1115 vestrum
482 1084 628 1125 iniungat
661 1081 861 1116 laciendum.
891 1080 977 1126 quod
1007 1091 1070 1114 vos
1100 1086 1130 1114 et
1160 1080 1292 1126 quilibet
1325 1085 1379 1113 aut
1409 1079 1562 1114 heredes.
1596 1079 1648 1112 vel
1680 1079 1866 1113 huiusmodi
1892 1078 1944 1112 alii

85 1148 264 1177 teneantur
293 1142 419 1177 facere.
451 1147 482 1175 ut
515 1142 694 1188 prel'ertiir.
726 1141 764 1175 Ei
795 1153 848 1184 ne.
878 1142 963 1187 quod
994 1141 1089 1176 absit.
1120 1146 1258 1188 propter
1287 1141 1529 1185 indulgenciam
1560 1140 1747 1174 huiusmodi
1773 1140 1812 1173 ad
1836 1139 1945 1173 illicita

81 1204 305 1251 procliviores
344 1203 541 1237 reddamini.
580 1208 632 1236 aut
671 1202 807 1248 quilibet
844 1207 992 1237 vestrum
1033 1202 1203 1237 reddatur.
1235 1206 1450 1248 imposterum
1489 1201 1738 1235 committenda.
1779 1201 1944 1235 volumus.

84 1264 171 1311 quod
201 1267 228 1299 si
259 1264 346 1299 sorte
375 1276 437 1298 vos
467 1269 498 1297 et
529 1264 661 1309 quilibet
694 1269 842 1298 vestrum
874 1269 1027 1310 pretextu
1058 1267 1288 1298 concessionis
1318 1265 1484 1309 presentis
1512 1262 1619 1307 aliqua
1650 1264 1893 1295 conimitteritis
1914 1266 1944 1295 et

83 1325 219 1373 quilibet
258 1330 406 1360 vestrum
446 1328 684 1359 committeret.
724 1325 811 1370 quod
851 1326 889 1359 ad
927 1325 979 1359 illa
1020 1324 1166 1371 predicta
1207 1327 1359 1358 remissio
1389 1324 1574 1357 nullatenus
1605 1323 1817 1359 extendatur.
1849 1327 1943 1369 prout

80 1387 168 1422 idem
199 1387 348 1433 prelatus
377 1386 530 1420 dominus
559 1392 674 1420 noster
704 1398 786 1432 papa
817 1389 847 1420 in
878 1389 1114 1432 suprascriptis
1144 1389 1214 1419 suis
1244 1386 1360 1419 litteris
1389 1396 1553 1431 expresse
1583 1385 1696 1418 voluit.
1737 1384 1772 1418 ln
1803 1395 1942 1429 quorum

78 1451 306 1483 testimonium
337 1452 512 1494 presentes
542 1448 668 1481 litteras
699 1448 768 1481 sieri
799 1448 1028 1482 mandavimus
1057 1447 1224 1492 sigillique
1254 1450 1357 1481 nostri
1389 1449 1594 1492 impensione
1626 1445 1789 1479 roborari.
1822 1445 1942 1479 Datum

76 1512 108 1544 in
137 1509 376 1555 lVyssegrado
420 1520 524 1555 prope
570 1508 709 1546 Praffluu
746 1521 833 1542 anno
873 1509 994 1542 domini
1035 1508 1212 1542 millesimo
1248 1508 1580 1553 quadringentesimo
1617 1510 1723 1553 primo
1767 1507 1820 1540 die
1851 1506 1941 1541 xvi.

74 1574 198 1605 mensis
230 1571 367 1618 Aprilis.
578 1568 582 1576 “

387 1641 581 1676 (Cop.'siiiip,
608 1642 643 1666 ἱιιι
671 1651 706 1670 ιιι,
733 1641 976 1670 Landesarcliive,
1000 1641 1078 1670 Cei-r,
1103 1643 1130 1668 S,
1157 1651 1182 1667 ιι.
1212 1641 1270 1666 ῙΞΗ
1297 1649 1323 1674 [ι.
1351 1639 1413 1673 29.)

963 1787 1063 1822 104.

76 1859 182 1905 Papa!
211 1858 361 1904 Bonoso:-
391 1858 455 1892 IX.
489 1858 630 1891 rei-seim
661 1859 780 1892 denen.
811 1858 936 1890 welche
968 1869 1027 1890 zur
1049 1857 1241 1900 Erlmllmqs
1271 1857 1337 1889 11an
1357 1855 1611 1898 Resltimv'rmty
1641 1856 1701 1888 dei·
1725 1855 1853 1888 lsirclw
1883 1856 1941 1888 des

169 1919 530 1964 Aetyusliteerkloslers
560 1921 592 1952 iu
625 1919 744 1952 Bruttii
774 1919 962 1961 ln'i'lruyen.
993 1920 1090 1951 einen
1122 1917 1261 1951 Ablass.
1297 1917 1351 1950 m.
1385 1917 1483 1955 Boni,
1517 1916 1572 1949 lli.
1605 1916 1707 1960 Api-il
1741 1915 1848 1949 lsml.

214 1979 436 2033 Bonifneius
467 2002 645 2044 episcopus
683 2010 804 2032 servus
839 2009 1016 2031 servorum
1054 1997 1105 2030 dei
1131 2000 1299 2031 universis
1328 1996 1597 2031 cbristilidelibus
1628 2000 1801 2041 presentes
1831 1995 1943 2028 literas

77 2060 293 2107 inspet'eluris
331 2060 469 2094 salutem
515 2064 545 2092 et
589 2059 820 2104 apostorilicam
861 2058 1145 2092 benediccionem.
1183 2058 1272 2092 Licet
1305 2062 1343 2093 is.
1377 2058 1417 2091 de
1461 2061 1552 2091 cuius
1596 2068 1734 2090 munere
1778 2059 1879 2090 venit.
1912 2060 1940 2088 ut

77 2120 138 2155 sibi
167 2132 185 2154 a
216 2131 284 2154 suis
314 2120 464 2154 fidelibus
494 2120 593 2165 digne
623 2125 653 2152 et
694 2120 900 2153 landabiliter
936 2122 1104 2152 >ei-viatur
1141 2119 1181 2152 de
1212 2119 1441 2153 habundancia
1472 2130 1530 2151 ¹sue
1560 2121 1702 2164 pietatis.
1733 2129 1796 2162 que
1827 2119 1942 2150 merita

78 2181 262 2229 supplicum
296 2182 429 2216 excedit
460 2187 503 2214 iet
541 2187 616 2215 vota
657 2182 740 2215 bene
779 2181 1002 2215 servientibus
1041 2179 1120 2225 sibi)
1160 2181 1261 2214 multo
1301 2183 1424 2214 maiora
1465 2179 1637 2213 retribuat.
1672 2190 1768 2223 quani
1811 2178 1943 2211 valeant

79 2246 287 2289 promereri:
309 2242 542 2277 nichilominus
564 2247 672 2277 tamen
695 2243 935 2276 desiderantes.
962 2243 1095 2275 domino
1116 2241 1270 2287 populum
1295 2241 1435 2275 reddere
1456 2240 1694 2286 acceptabilem
1726 2244 1753 2271 et
1779 2240 1940 2272 bonorum

74 2314 213 2350 operum
243 2308 445 2336 sectatorem
478 2302 605 2342 [fideles
636 2306 724 2349 ipsos
746 2303 784 2336 ad
813 2303 940 2348 coiiipla
961 2302 1101 2335 cendum
1132 2306 1160 2335 ei
1191 2307 1283 2347 quasi
1316 2302 1510 2347 quibusdam
1542 2302 1704 2334 allectivis
1735 2299 1941 2333 muni-rilins.

78 2363 300 2407 indulge-neiis
330 2364 485 2398 videlicet
517 2370 547 2397 et
578 2364 831 2398 remissionibus
862 2368 1049 2397 inxitaiuus.
1081 2368 1109 2396 ut
1143 2365 1266 2397 exinde
1288 2364 1468 2397 reddantur
1487 2363 1598 2396 «livine
1628 2365 1743 2399 gracie
1773 2365 1940 2407 apciores.

81 2424 262 2472 Cupientes
292 2429 402 2469 igitur.
435 2431 464 2458 ut
497 2431 767 2460 inionnsteriuinv
797 2431 900 2459 sancti
931 2425 1058 2458 'l'lionie
1089 2425 1229 2470 apostoli
1260 2428 1289 2458 in
1313 2424 1435 2458 Brutia.
1466 2424 1589 2456 ordinis
1621 2424 1756 2456 l'ratruni
1789 2422 1941 2455 liereiu'i-

77 2491 185 2521 tnrum
215 2490 320 2520 sancti
351 2488 544 2525 Augustini.
575 2487 807 2520 illumin-ensis
837 2487 979 2519 ‹lineo-›i-
1011 2489 1169 2522 cnnuriiis
1192 2485 1373 2519 bonoribus·
1405 2486 1634 2529 frequentetur
1654 2488 1684 2516 et
1706 2488 1941 2517 ‹·(tn>t·rxi·lttt'.

74 2558 114 2581 ac
143 2551 249 2581 eciam
282 2575 484 2581 ......
516 2561 556 2579 eo
587 2547 749 2582 libencius
779 2559 878 2580 eausa
909 2549 1104 2580 dexocionis
1134 2547 1302 2580 conlluaiit
1341 2546 1380 2579 ad
1412 2547 1551 2578 eandem
1573 2551 1600 2577 et
1625 2545 1663 2577 ad
1688 2548 1940 2590 reparacioiieiii

78 2612 109 2642 el
139 2619 439 2642 conservat-ionem
478 2611 579 2653 ipsius
616 2620 731 2642 manus
762 2620 952 2654 prompcius
992 2611 1160 2652 porrigant
1201 2608 1392 2650 adjutrices.
1429 2619 1492 2651 quo
1528 2618 1568 2638 ex
1611 2606 1673 2638 lioc
1705 2605 1823 2638 ibidem
1855 2606 1941 2638 dono

81 2668 196 2703 celesti
225 2669 297 2708 (um
329 2680 517 2703 munerum.
558 2673 706 2702 seticum!
745 2683 781 2702 ‚se
821 2670 976 2703 resectos.
1013 2668 1053 2700 de
1092 2672 1326 2714 omnipotentis
1366 2668 1416 2700 dei
1448 2667 1674 2700 misericordia
1706 2671 1733 2698 et
1767 2666 1938 2699 beatorum

81 2728 168 2764 Petri
197 2735 227 2763 et
261 2729 348 2764 l’anli
383 2730 610 2776 apostolorum
649 2733 720 2763 eius
758 2734 954 2763 anctoritate
993 2729 1107 2762 conlisi
1144 2728 1297 2762 omnibus
1328 2741 1407 2762 vere
1447 2727 1666 2773 penitentibus
1701 2732 1730 2759 et
1762 2727 1939 2763 confessis.
