<?xml version="1.0" encoding="UTF-8"?>
<!DOCTYPE html PUBLIC "-//W3C//DTD XHTML 1.0 Transitional//EN"
    "http://www.w3.org/TR/xhtml1/DTD/xhtml1-transitional.dtd">
<html xmlns="http://www.w3.org/1999/xhtml" xml:lang="en" lang="en">
 <head>
  <title>
</title>
<meta http-equiv="Content-Type" content="text/html;charset=utf-8" />
  <meta name='ocr-system' content='tesseract 3.04.00' />
  <meta name='ocr-capabilities' content='ocr_page ocr_carea ocr_par ocr_line ocrx_word'/>
</head>
<body>
  <div class='ocr_page' id='page_1' title='image "./codexdiplomaticu13morauoft_0437.png"; bbox 0 0 2347 3153; ppageno 0'>
   <div class='ocr_carea' id='block_1_1' title="bbox 1063 206 1136 239">
    <p class='ocr_par' dir='ltr' id='par_1_1' title="bbox 1063 206 1136 239">
     <span class='ocr_line' id='line_1_1' title="bbox 1063 206 1136 239; baseline -0.027 0"><span class='ocrx_word' id='word_1_1' title='bbox 1063 206 1136 239; x_wconf 70' lang='lat'>⁴25</span> 
     </span>
    </p>
   </div>
   <div class='ocr_carea' id='block_1_2' title="bbox 999 255 1202 261">
    <p class='ocr_par' dir='ltr' id='par_1_2' title="bbox 999 255 1202 261">
     <span class='ocr_line' id='line_1_2' title="bbox 999 255 1202 261; baseline 0 0"><span class='ocrx_word' id='word_1_2' title='bbox 999 255 1202 261; x_wconf 95' lang='lat' dir='ltr'> </span> 
     </span>
    </p>
   </div>
   <div class='ocr_carea' id='block_1_3' title="bbox 153 309 2036 2008">
    <p class='ocr_par' dir='ltr' id='par_1_3' title="bbox 153 309 2036 1884">
     <span class='ocr_line' id='line_1_3' title="bbox 166 309 2033 356; baseline 0.001 -13"><span class='ocrx_word' id='word_1_3' title='bbox 166 309 422 356; x_wconf 72' lang='lat' dir='ltr'>procurantibus</span> <span class='ocrx_word' id='word_1_4' title='bbox 451 310 493 343; x_wconf 90' lang='lat' dir='ltr'>de</span> <span class='ocrx_word' id='word_1_5' title='bbox 522 315 553 343; x_wconf 89' lang='lat' dir='ltr'>et</span> <span class='ocrx_word' id='word_1_6' title='bbox 591 321 693 356; x_wconf 86' lang='lat' dir='ltr'>super</span> <span class='ocrx_word' id='word_1_7' title='bbox 721 310 874 344; x_wconf 87' lang='lat' dir='ltr'>omnibns</span> <span class='ocrx_word' id='word_1_8' title='bbox 904 316 933 344; x_wconf 90' lang='lat' dir='ltr'>et</span> <span class='ocrx_word' id='word_1_9' title='bbox 965 310 1105 355; x_wconf 71' lang='lat' dir='ltr'>singulis</span> <span class='ocrx_word' id='word_1_10' title='bbox 1135 313 1166 344; x_wconf 90' lang='lat' dir='ltr'>in</span> <span class='ocrx_word' id='word_1_11' title='bbox 1196 310 1293 344; x_wconf 90' lang='lat' dir='ltr'>dictis</span> <span class='ocrx_word' id='word_1_12' title='bbox 1322 309 1417 344; x_wconf 91' lang='lat' dir='ltr'>nobis</span> <span class='ocrx_word' id='word_1_13' title='bbox 1448 310 1543 343; x_wconf 84' lang='lat' dir='ltr'>sactis</span> <span class='ocrx_word' id='word_1_14' title='bbox 1572 310 1865 343; x_wconf 79' lang='lat' dir='ltr'>commissionibus</span> <span class='ocrx_word' id='word_1_15' title='bbox 1887 316 2033 344; x_wconf 80' lang='lat' dir='ltr'>conten-</span> 
     </span>
     <span class='ocr_line' id='line_1_4' title="bbox 167 370 2034 417; baseline 0.001 -13"><span class='ocrx_word' id='word_1_16' title='bbox 167 373 208 404; x_wconf 91' lang='lat' dir='ltr'>tis</span> <span class='ocrx_word' id='word_1_17' title='bbox 245 371 287 405; x_wconf 90' lang='lat' dir='ltr'>de</span> <span class='ocrx_word' id='word_1_18' title='bbox 319 372 454 415; x_wconf 85' lang='lat' dir='ltr'>justicia</span> <span class='ocrx_word' id='word_1_19' title='bbox 494 381 719 417; x_wconf 75' lang='lat' dir='ltr'>responsurus</span> <span class='ocrx_word' id='word_1_20' title='bbox 755 372 794 405; x_wconf 86' lang='lat' dir='ltr'>ac</span> <span class='ocrx_word' id='word_1_21' title='bbox 831 375 862 406; x_wconf 90' lang='lat' dir='ltr'>in</span> <span class='ocrx_word' id='word_1_22' title='bbox 901 376 968 405; x_wconf 81' lang='lat' dir='ltr'>toto</span> <span class='ocrx_word' id='word_1_23' title='bbox 1007 374 1152 416; x_wconf 74' lang='lat' dir='ltr'>negocio</span> <span class='ocrx_word' id='word_1_24' title='bbox 1191 376 1221 404; x_wconf 87' lang='lat' dir='ltr'>et</span> <span class='ocrx_word' id='word_1_25' title='bbox 1259 382 1361 404; x_wconf 85' lang='lat' dir='ltr'>causa</span> <span class='ocrx_word' id='word_1_26' title='bbox 1400 382 1458 404; x_wconf 88' lang='lat' dir='ltr'>seu</span> <span class='ocrx_word' id='word_1_27' title='bbox 1489 373 1599 404; x_wconf 83' lang='lat' dir='ltr'>causis</span> <span class='ocrx_word' id='word_1_28' title='bbox 1630 370 1816 405; x_wconf 83' lang='lat' dir='ltr'>huiusmodi</span> <span class='ocrx_word' id='word_1_29' title='bbox 1848 372 1887 405; x_wconf 86' lang='lat' dir='ltr'>ad</span> <span class='ocrx_word' id='word_1_30' title='bbox 1918 384 2034 406; x_wconf 64' lang='lat' dir='ltr'>ouini-s</span> 
     </span>
     <span class='ocr_line' id='line_1_5' title="bbox 166 431 2035 477; baseline -0.001 -10"><span class='ocrx_word' id='word_1_31' title='bbox 166 436 200 467; x_wconf 84' lang='lat' dir='ltr'>et</span> <span class='ocrx_word' id='word_1_32' title='bbox 233 432 386 477; x_wconf 84' lang='lat' dir='ltr'>singulos</span> <span class='ocrx_word' id='word_1_33' title='bbox 414 436 507 466; x_wconf 84' lang='lat' dir='ltr'>actus</span> <span class='ocrx_word' id='word_1_34' title='bbox 536 432 701 477; x_wconf 82' lang='lat' dir='ltr'>gradatim</span> <span class='ocrx_word' id='word_1_35' title='bbox 731 438 763 466; x_wconf 89' lang='lat' dir='ltr'>et</span> <span class='ocrx_word' id='word_1_36' title='bbox 792 436 990 466; x_wconf 71' lang='lat' dir='ltr'>successive</span> <span class='ocrx_word' id='word_1_37' title='bbox 1013 437 1043 466; x_wconf 88' lang='lat' dir='ltr'>el</span> <span class='ocrx_word' id='word_1_38' title='bbox 1066 444 1171 477; x_wconf 88' lang='lat' dir='ltr'>usque</span> <span class='ocrx_word' id='word_1_39' title='bbox 1192 432 1231 465; x_wconf 88' lang='lat' dir='ltr'>ad</span> <span class='ocrx_word' id='word_1_40' title='bbox 1254 431 1461 466; x_wconf 80' lang='lat' dir='ltr'>diffinitivam</span> <span class='ocrx_word' id='word_1_41' title='bbox 1484 432 1649 466; x_wconf 83' lang='lat' dir='ltr'>inclusive</span> <span class='ocrx_word' id='word_1_42' title='bbox 1670 431 1789 466; x_wconf 88' lang='lat' dir='ltr'>debitis</span> <span class='ocrx_word' id='word_1_43' title='bbox 1810 437 1840 465; x_wconf 90' lang='lat' dir='ltr'>et</span> <span class='ocrx_word' id='word_1_44' title='bbox 1864 437 2035 467; x_wconf 71' lang='lat' dir='ltr'>consuetis</span> 
     </span>
     <span class='ocr_line' id='line_1_6' title="bbox 166 491 2036 539; baseline 0.001 -12"><span class='ocrx_word' id='word_1_45' title='bbox 166 495 317 527; x_wconf 84' lang='lat' dir='ltr'>terminis</span> <span class='ocrx_word' id='word_1_46' title='bbox 337 497 368 527; x_wconf 89' lang='lat' dir='ltr'>el</span> <span class='ocrx_word' id='word_1_47' title='bbox 391 491 609 527; x_wconf 85' lang='lat' dir='ltr'>dilacionibus</span> <span class='ocrx_word' id='word_1_48' title='bbox 639 494 896 539; x_wconf 72' lang='lat' dir='ltr'>precedentibus</span> <span class='ocrx_word' id='word_1_49' title='bbox 918 504 1141 539; x_wconf 86' lang='lat' dir='ltr'>processurus</span> <span class='ocrx_word' id='word_1_50' title='bbox 1162 498 1193 527; x_wconf 88' lang='lat' dir='ltr'>et</span> <span class='ocrx_word' id='word_1_51' title='bbox 1216 493 1353 539; x_wconf 84' lang='lat' dir='ltr'><strong>procedi</strong></span> <span class='ocrx_word' id='word_1_52' title='bbox 1370 494 1527 537; x_wconf 74' lang='lat' dir='ltr'>jussurus</span> <span class='ocrx_word' id='word_1_53' title='bbox 1547 493 1697 538; x_wconf 87' lang='lat' dir='ltr'>aliasque</span> <span class='ocrx_word' id='word_1_54' title='bbox 1719 493 1866 527; x_wconf 86' lang='lat' dir='ltr'>dicturus</span> <span class='ocrx_word' id='word_1_55' title='bbox 1889 494 2036 528; x_wconf 72' lang='lat' dir='ltr'>facturus</span> 
     </span>
     <span class='ocr_line' id='line_1_7' title="bbox 165 553 2036 599; baseline 0.001 -11"><span class='ocrx_word' id='word_1_56' title='bbox 165 553 339 588; x_wconf 75' lang='lat' dir='ltr'>auditurus</span> <span class='ocrx_word' id='word_1_57' title='bbox 367 558 400 588; x_wconf 92' lang='lat' dir='ltr'>et</span> <span class='ocrx_word' id='word_1_58' title='bbox 428 558 625 599; x_wconf 89' lang='lat' dir='ltr'>recepturus</span> <span class='ocrx_word' id='word_1_59' title='bbox 664 555 705 588; x_wconf 86' lang='lat' dir='ltr'>id.</span> <span class='ocrx_word' id='word_1_60' title='bbox 746 555 831 599; x_wconf 87' lang='lat' dir='ltr'>qnod</span> <span class='ocrx_word' id='word_1_61' title='bbox 867 556 1001 598; x_wconf 85' lang='lat' dir='ltr'>justicia</span> <span class='ocrx_word' id='word_1_62' title='bbox 1041 553 1194 588; x_wconf 76' lang='lat' dir='ltr'>suadebit</span> <span class='ocrx_word' id='word_1_63' title='bbox 1223 558 1256 587; x_wconf 88' lang='lat' dir='ltr'>et</span> <span class='ocrx_word' id='word_1_64' title='bbox 1285 553 1368 587; x_wconf 89' lang='lat' dir='ltr'>ordo</span> <span class='ocrx_word' id='word_1_65' title='bbox 1399 554 1575 587; x_wconf 68' lang='lat' dir='ltr'>dictaverit</span> <span class='ocrx_word' id='word_1_66' title='bbox 1606 557 1770 588; x_wconf 78' lang='lat' dir='ltr'>racionis:</span> <span class='ocrx_word' id='word_1_67' title='bbox 1812 554 2036 589; x_wconf 79' lang='lat' dir='ltr'>certificantes</span> 
     </span>
     <span class='ocr_line' id='line_1_8' title="bbox 163 614 2033 661; baseline 0 -11"><span class='ocrx_word' id='word_1_68' title='bbox 163 614 399 650; x_wconf 84' lang='lat' dir='ltr'>nichilominus</span> <span class='ocrx_word' id='word_1_69' title='bbox 428 615 570 649; x_wconf 90' lang='lat' dir='ltr'>eundem</span> <span class='ocrx_word' id='word_1_70' title='bbox 600 617 748 649; x_wconf 88' lang='lat' dir='ltr'>citatum.</span> <span class='ocrx_word' id='word_1_71' title='bbox 779 616 866 661; x_wconf 89' lang='lat' dir='ltr'>quod</span> <span class='ocrx_word' id='word_1_72' title='bbox 897 618 971 649; x_wconf 87' lang='lat' dir='ltr'>sive</span> <span class='ocrx_word' id='word_1_73' title='bbox 1002 619 1031 649; x_wconf 90' lang='lat' dir='ltr'>in</span> <span class='ocrx_word' id='word_1_74' title='bbox 1062 616 1149 649; x_wconf 86' lang='lat' dir='ltr'>dicto</span> <span class='ocrx_word' id='word_1_75' title='bbox 1179 618 1353 649; x_wconf 88' lang='lat' dir='ltr'>citacionis</span> <span class='ocrx_word' id='word_1_76' title='bbox 1383 618 1538 651; x_wconf 81' lang='lat' dir='ltr'>termino.</span> <span class='ocrx_word' id='word_1_77' title='bbox 1561 619 1593 648; x_wconf 87' lang='lat' dir='ltr'>ut</span> <span class='ocrx_word' id='word_1_78' title='bbox 1614 619 1814 661; x_wconf 78' lang='lat' dir='ltr'>premissum</span> <span class='ocrx_word' id='word_1_79' title='bbox 1837 621 1898 652; x_wconf 84' lang='lat' dir='ltr'>est,</span> <span class='ocrx_word' id='word_1_80' title='bbox 1921 628 2033 650; x_wconf 88' lang='lat' dir='ltr'>coram</span> 
     </span>
     <span class='ocr_line' id='line_1_9' title="bbox 162 675 2033 722; baseline -0.001 -12"><span class='ocrx_word' id='word_1_81' title='bbox 162 675 260 711; x_wconf 82' lang='lat' dir='ltr'>nobis</span> <span class='ocrx_word' id='word_1_82' title='bbox 289 676 344 710; x_wconf 92' lang='lat' dir='ltr'>vel</span> <span class='ocrx_word' id='word_1_83' title='bbox 373 676 585 721; x_wconf 72' lang='lat' dir='ltr'>surrogando</span> <span class='ocrx_word' id='word_1_84' title='bbox 614 676 764 722; x_wconf 83' lang='lat' dir='ltr'>predicto</span> <span class='ocrx_word' id='word_1_85' title='bbox 804 687 1003 722; x_wconf 82' lang='lat' dir='ltr'>comparere</span> <span class='ocrx_word' id='word_1_86' title='bbox 1043 676 1220 710; x_wconf 75' lang='lat' dir='ltr'>dictaverit</span> <span class='ocrx_word' id='word_1_87' title='bbox 1256 679 1330 709; x_wconf 86' lang='lat' dir='ltr'>sive</span> <span class='ocrx_word' id='word_1_88' title='bbox 1359 687 1437 711; x_wconf 87' lang='lat' dir='ltr'>non.</span> <span class='ocrx_word' id='word_1_89' title='bbox 1468 687 1528 710; x_wconf 87' lang='lat' dir='ltr'>nos</span> <span class='ocrx_word' id='word_1_90' title='bbox 1559 676 1794 710; x_wconf 83' lang='lat' dir='ltr'>nichilominus</span> <span class='ocrx_word' id='word_1_91' title='bbox 1824 678 1878 711; x_wconf 86' lang='lat' dir='ltr'>vel</span> <span class='ocrx_word' id='word_1_92' title='bbox 1908 689 2033 711; x_wconf 83' lang='lat' dir='ltr'>surro-</span> 
     </span>
     <span class='ocr_line' id='line_1_10' title="bbox 162 736 2033 784; baseline 0.001 -13"><span class='ocrx_word' id='word_1_93' title='bbox 162 736 295 782; x_wconf 75' lang='lat' dir='ltr'>gandus</span> <span class='ocrx_word' id='word_1_94' title='bbox 323 737 493 783; x_wconf 89' lang='lat' dir='ltr'>predictus</span> <span class='ocrx_word' id='word_1_95' title='bbox 522 737 563 771; x_wconf 87' lang='lat' dir='ltr'>ad</span> <span class='ocrx_word' id='word_1_96' title='bbox 592 739 756 782; x_wconf 87' lang='lat' dir='ltr'>premissa</span> <span class='ocrx_word' id='word_1_97' title='bbox 787 741 896 770; x_wconf 87' lang='lat' dir='ltr'>omnia</span> <span class='ocrx_word' id='word_1_98' title='bbox 928 742 960 770; x_wconf 91' lang='lat' dir='ltr'>et</span> <span class='ocrx_word' id='word_1_99' title='bbox 990 738 1119 782; x_wconf 69' lang='lat' dir='ltr'>singula</span> <span class='ocrx_word' id='word_1_100' title='bbox 1141 742 1173 772; x_wconf 86' lang='lat' dir='ltr'>et</span> <span class='ocrx_word' id='word_1_101' title='bbox 1193 737 1287 772; x_wconf 75' lang='lat' dir='ltr'>alias,</span> <span class='ocrx_word' id='word_1_102' title='bbox 1315 742 1412 783; x_wconf 86' lang='lat' dir='ltr'>prout</span> <span class='ocrx_word' id='word_1_103' title='bbox 1435 737 1475 771; x_wconf 86' lang='lat' dir='ltr'>de</span> <span class='ocrx_word' id='word_1_104' title='bbox 1491 738 1568 781; x_wconf 84' lang='lat' dir='ltr'>jure</span> <span class='ocrx_word' id='word_1_105' title='bbox 1590 740 1785 783; x_wconf 85' lang='lat' dir='ltr'>poterimus.</span> <span class='ocrx_word' id='word_1_106' title='bbox 1808 739 2033 784; x_wconf 83' lang='lat' dir='ltr'>procedemus</span> 
     </span>
     <span class='ocr_line' id='line_1_11' title="bbox 159 796 2031 844; baseline 0.001 -12"><span class='ocrx_word' id='word_1_107' title='bbox 159 808 220 832; x_wconf 79' lang='lat' dir='ltr'>seu</span> <span class='ocrx_word' id='word_1_108' title='bbox 248 798 422 844; x_wconf 86' lang='lat' dir='ltr'>procedet,</span> <span class='ocrx_word' id='word_1_109' title='bbox 451 797 528 832; x_wconf 91' lang='lat' dir='ltr'>dicti</span> <span class='ocrx_word' id='word_1_110' title='bbox 557 800 647 832; x_wconf 90' lang='lat' dir='ltr'>citati</span> <span class='ocrx_word' id='word_1_111' title='bbox 677 796 834 831; x_wconf 79' lang='lat' dir='ltr'>absencia</span> <span class='ocrx_word' id='word_1_112' title='bbox 865 809 922 831; x_wconf 87' lang='lat' dir='ltr'>sen</span> <span class='ocrx_word' id='word_1_113' title='bbox 953 801 1162 832; x_wconf 86' lang='lat' dir='ltr'>contumacia</span> <span class='ocrx_word' id='word_1_114' title='bbox 1202 809 1267 832; x_wconf 91' lang='lat' dir='ltr'>non</span> <span class='ocrx_word' id='word_1_115' title='bbox 1297 797 1462 832; x_wconf 88' lang='lat' dir='ltr'>obstante.</span> <span class='ocrx_word' id='word_1_116' title='bbox 1494 798 1579 832; x_wconf 88' lang='lat' dir='ltr'>diem</span> <span class='ocrx_word' id='word_1_117' title='bbox 1611 810 1694 832; x_wconf 86' lang='lat' dir='ltr'>vero</span> <span class='ocrx_word' id='word_1_118' title='bbox 1725 798 1912 833; x_wconf 81' lang='lat' dir='ltr'>huiusmodi</span> <span class='ocrx_word' id='word_1_119' title='bbox 1942 802 2031 833; x_wconf 88' lang='lat' dir='ltr'>cita-</span> 
     </span>
     <span class='ocr_line' id='line_1_12' title="bbox 159 858 2031 907; baseline 0.001 -14"><span class='ocrx_word' id='word_1_120' title='bbox 159 860 266 893; x_wconf 88' lang='lat' dir='ltr'>cionis</span> <span class='ocrx_word' id='word_1_121' title='bbox 303 862 419 893; x_wconf 87' lang='lat' dir='ltr'>nostre</span> <span class='ocrx_word' id='word_1_122' title='bbox 456 863 555 904; x_wconf 83' lang='lat' dir='ltr'>atque</span> <span class='ocrx_word' id='word_1_123' title='bbox 593 858 735 893; x_wconf 76' lang='lat' dir='ltr'>formam</span> <span class='ocrx_word' id='word_1_124' title='bbox 775 863 805 891; x_wconf 88' lang='lat' dir='ltr'>et</span> <span class='ocrx_word' id='word_1_125' title='bbox 845 859 991 904; x_wconf 80' lang='lat' dir='ltr'>quitquid</span> <span class='ocrx_word' id='word_1_126' title='bbox 1031 862 1061 892; x_wconf 89' lang='lat' dir='ltr'>in</span> <span class='ocrx_word' id='word_1_127' title='bbox 1102 862 1275 905; x_wconf 86' lang='lat' dir='ltr'>premissis</span> <span class='ocrx_word' id='word_1_128' title='bbox 1314 859 1462 892; x_wconf 78' lang='lat' dir='ltr'>feceritis</span> <span class='ocrx_word' id='word_1_129' title='bbox 1498 858 1594 893; x_wconf 89' lang='lat' dir='ltr'>nobis</span> <span class='ocrx_word' id='word_1_130' title='bbox 1624 871 1684 905; x_wconf 91' lang='lat' dir='ltr'>per</span> <span class='ocrx_word' id='word_1_131' title='bbox 1713 865 1847 894; x_wconf 87' lang='lat' dir='ltr'>nostras</span> <span class='ocrx_word' id='word_1_132' title='bbox 1878 865 2031 907; x_wconf 88' lang='lat' dir='ltr'>patentes</span> 
     </span>
     <span class='ocr_line' id='line_1_13' title="bbox 157 918 2030 965; baseline 0.001 -11"><span class='ocrx_word' id='word_1_133' title='bbox 157 919 273 955; x_wconf 82' lang='lat' dir='ltr'>literas</span> <span class='ocrx_word' id='word_1_134' title='bbox 301 931 361 954; x_wconf 86' lang='lat' dir='ltr'>seu</span> <span class='ocrx_word' id='word_1_135' title='bbox 390 922 646 954; x_wconf 85' lang='lat' dir='ltr'>instrumentum</span> <span class='ocrx_word' id='word_1_136' title='bbox 677 918 844 965; x_wconf 90' lang='lat' dir='ltr'>publicum</span> <span class='ocrx_word' id='word_1_137' title='bbox 885 920 1000 953; x_wconf 86' lang='lat' dir='ltr'>barum</span> <span class='ocrx_word' id='word_1_138' title='bbox 1039 923 1161 954; x_wconf 85' lang='lat' dir='ltr'>seriem</span> <span class='ocrx_word' id='word_1_139' title='bbox 1191 932 1250 954; x_wconf 88' lang='lat' dir='ltr'>seu</span> <span class='ocrx_word' id='word_1_140' title='bbox 1281 921 1555 964; x_wconf 65' lang='lat' dir='ltr'>designacioneni</span> <span class='ocrx_word' id='word_1_141' title='bbox 1587 923 1617 954; x_wconf 92' lang='lat' dir='ltr'>in</span> <span class='ocrx_word' id='word_1_142' title='bbox 1647 932 1684 954; x_wconf 86' lang='lat' dir='ltr'>se</span> <span class='ocrx_word' id='word_1_143' title='bbox 1713 925 1940 955; x_wconf 86' lang='lat' dir='ltr'>continentem</span> <span class='ocrx_word' id='word_1_144' title='bbox 1972 934 2030 956; x_wconf 89' lang='lat' dir='ltr'>seu</span> 
     </span>
     <span class='ocr_line' id='line_1_14' title="bbox 157 979 2029 1027; baseline 0.001 -12"><span class='ocrx_word' id='word_1_145' title='bbox 157 982 371 1016; x_wconf 82' lang='lat' dir='ltr'>continentes</span> <span class='ocrx_word' id='word_1_146' title='bbox 399 983 550 1015; x_wconf 84' lang='lat' dir='ltr'>remissis</span> <span class='ocrx_word' id='word_1_147' title='bbox 579 979 791 1027; x_wconf 86' lang='lat' dir='ltr'>presentibus</span> <span class='ocrx_word' id='word_1_148' title='bbox 821 980 964 1014; x_wconf 84' lang='lat' dir='ltr'>fideliter</span> <span class='ocrx_word' id='word_1_149' title='bbox 984 984 1214 1026; x_wconf 84' lang='lat' dir='ltr'>quantocicius</span> <span class='ocrx_word' id='word_1_150' title='bbox 1244 984 1394 1027; x_wconf 87' lang='lat' dir='ltr'>poteritis</span> <span class='ocrx_word' id='word_1_151' title='bbox 1425 984 1579 1015; x_wconf 84' lang='lat' dir='ltr'>intimare</span> <span class='ocrx_word' id='word_1_152' title='bbox 1605 985 1739 1015; x_wconf 84' lang='lat' dir='ltr'>curetis.</span> <span class='ocrx_word' id='word_1_153' title='bbox 1764 982 2029 1018; x_wconf 71' lang='lat' dir='ltr'>Absolueionem</span> 
     </span>
     <span class='ocr_line' id='line_1_15' title="bbox 160 1041 2028 1090; baseline 0.001 -13"><span class='ocrx_word' id='word_1_154' title='bbox 160 1053 246 1077; x_wconf 85' lang='lat' dir='ltr'>vero</span> <span class='ocrx_word' id='word_1_155' title='bbox 279 1045 429 1077; x_wconf 89' lang='lat' dir='ltr'>omnium</span> <span class='ocrx_word' id='word_1_156' title='bbox 465 1046 497 1076; x_wconf 88' lang='lat' dir='ltr'>et</span> <span class='ocrx_word' id='word_1_157' title='bbox 535 1041 756 1087; x_wconf 77' lang='lat' dir='ltr'>singulorum.</span> <span class='ocrx_word' id='word_1_158' title='bbox 796 1046 850 1087; x_wconf 92' lang='lat' dir='ltr'>qui</span> <span class='ocrx_word' id='word_1_159' title='bbox 889 1043 1036 1088; x_wconf 72' lang='lat' dir='ltr'>prefatas</span> <span class='ocrx_word' id='word_1_160' title='bbox 1073 1047 1205 1076; x_wconf 78' lang='lat' dir='ltr'>nostras</span> <span class='ocrx_word' id='word_1_161' title='bbox 1245 1043 1370 1076; x_wconf 76' lang='lat' dir='ltr'>literas.</span> <span class='ocrx_word' id='word_1_162' title='bbox 1407 1046 1597 1076; x_wconf 74' lang='lat' dir='ltr'>sentencias</span> <span class='ocrx_word' id='word_1_163' title='bbox 1635 1048 1689 1076; x_wconf 89' lang='lat' dir='ltr'>aut</span> <span class='ocrx_word' id='word_1_164' title='bbox 1729 1055 1846 1077; x_wconf 87' lang='lat' dir='ltr'>earum</span> <span class='ocrx_word' id='word_1_165' title='bbox 1886 1045 2028 1090; x_wconf 81' lang='lat' dir='ltr'>aliquam</span> 
     </span>
     <span class='ocr_line' id='line_1_16' title="bbox 158 1103 2026 1149; baseline 0.001 -11"><span class='ocrx_word' id='word_1_166' title='bbox 158 1106 361 1138; x_wconf 86' lang='lat' dir='ltr'>incurrerint</span> <span class='ocrx_word' id='word_1_167' title='bbox 390 1103 447 1138; x_wconf 87' lang='lat' dir='ltr'>vel</span> <span class='ocrx_word' id='word_1_168' title='bbox 477 1106 669 1138; x_wconf 87' lang='lat' dir='ltr'>incurrerit.</span> <span class='ocrx_word' id='word_1_169' title='bbox 698 1114 832 1149; x_wconf 89' lang='lat' dir='ltr'>quoquo</span> <span class='ocrx_word' id='word_1_170' title='bbox 863 1103 962 1136; x_wconf 89' lang='lat' dir='ltr'>modo</span> <span class='ocrx_word' id='word_1_171' title='bbox 985 1103 1080 1137; x_wconf 87' lang='lat' dir='ltr'>nobis</span> <span class='ocrx_word' id='word_1_172' title='bbox 1112 1104 1164 1137; x_wconf 91' lang='lat' dir='ltr'>vel</span> <span class='ocrx_word' id='word_1_173' title='bbox 1193 1106 1361 1149; x_wconf 80' lang='lat' dir='ltr'>superiori</span> <span class='ocrx_word' id='word_1_174' title='bbox 1392 1108 1506 1137; x_wconf 89' lang='lat' dir='ltr'>nostro</span> <span class='ocrx_word' id='word_1_175' title='bbox 1536 1104 1765 1137; x_wconf 89' lang='lat' dir='ltr'>tantummodo</span> <span class='ocrx_word' id='word_1_176' title='bbox 1797 1116 2026 1139; x_wconf 82' lang='lat' dir='ltr'>reservamus.</span> 
     </span>
     <span class='ocr_line' id='line_1_17' title="bbox 157 1163 2027 1211; baseline 0.001 -12"><span class='ocrx_word' id='word_1_177' title='bbox 157 1163 194 1199; x_wconf 85' lang='lat' dir='ltr'>ln</span> <span class='ocrx_word' id='word_1_178' title='bbox 223 1175 365 1211; x_wconf 86' lang='lat' dir='ltr'>quorum</span> <span class='ocrx_word' id='word_1_179' title='bbox 394 1168 540 1199; x_wconf 91' lang='lat' dir='ltr'>omnium</span> <span class='ocrx_word' id='word_1_180' title='bbox 570 1169 601 1200; x_wconf 89' lang='lat' dir='ltr'>et</span> <span class='ocrx_word' id='word_1_181' title='bbox 631 1164 839 1210; x_wconf 85' lang='lat' dir='ltr'>singulorum</span> <span class='ocrx_word' id='word_1_182' title='bbox 871 1164 967 1198; x_wconf 88' lang='lat' dir='ltr'>fidem</span> <span class='ocrx_word' id='word_1_183' title='bbox 999 1169 1030 1197; x_wconf 88' lang='lat' dir='ltr'>et</span> <span class='ocrx_word' id='word_1_184' title='bbox 1060 1167 1283 1198; x_wconf 86' lang='lat' dir='ltr'>testimonium</span> <span class='ocrx_word' id='word_1_185' title='bbox 1315 1167 1553 1210; x_wconf 83' lang='lat' dir='ltr'>premissorum</span> <span class='ocrx_word' id='word_1_186' title='bbox 1584 1170 1760 1211; x_wconf 84' lang='lat' dir='ltr'>presentes</span> <span class='ocrx_word' id='word_1_187' title='bbox 1790 1170 1904 1200; x_wconf 84' lang='lat' dir='ltr'>nostre</span> <span class='ocrx_word' id='word_1_188' title='bbox 1938 1170 2027 1200; x_wconf 86' lang='lat' dir='ltr'>cita-</span> 
     </span>
     <span class='ocr_line' id='line_1_18' title="bbox 158 1225 2027 1272; baseline 0.001 -12"><span class='ocrx_word' id='word_1_189' title='bbox 158 1228 266 1260; x_wconf 88' lang='lat' dir='ltr'>cionis</span> <span class='ocrx_word' id='word_1_190' title='bbox 294 1225 408 1260; x_wconf 82' lang='lat' dir='ltr'>literas</span> <span class='ocrx_word' id='word_1_191' title='bbox 436 1237 497 1260; x_wconf 82' lang='lat' dir='ltr'>seu</span> <span class='ocrx_word' id='word_1_192' title='bbox 533 1237 673 1272; x_wconf 88' lang='lat' dir='ltr'>presens</span> <span class='ocrx_word' id='word_1_193' title='bbox 711 1225 877 1272; x_wconf 91' lang='lat' dir='ltr'>publicum</span> <span class='ocrx_word' id='word_1_194' title='bbox 917 1229 1183 1260; x_wconf 81' lang='lat' dir='ltr'>instrumentum.</span> <span class='ocrx_word' id='word_1_195' title='bbox 1220 1226 1355 1260; x_wconf 88' lang='lat' dir='ltr'>easdem</span> <span class='ocrx_word' id='word_1_196' title='bbox 1395 1229 1425 1259; x_wconf 93' lang='lat' dir='ltr'>in</span> <span class='ocrx_word' id='word_1_197' title='bbox 1455 1237 1492 1259; x_wconf 81' lang='lat' dir='ltr'>se</span> <span class='ocrx_word' id='word_1_198' title='bbox 1522 1229 1732 1259; x_wconf 72' lang='lat' dir='ltr'>continentes</span> <span class='ocrx_word' id='word_1_199' title='bbox 1762 1237 1821 1260; x_wconf 87' lang='lat' dir='ltr'>seu</span> <span class='ocrx_word' id='word_1_200' title='bbox 1852 1230 2027 1261; x_wconf 89' lang='lat' dir='ltr'>continens</span> 
     </span>
     <span class='ocr_line' id='line_1_19' title="bbox 158 1286 2026 1333; baseline 0.001 -12"><span class='ocrx_word' id='word_1_201' title='bbox 158 1286 284 1322; x_wconf 85' lang='lat' dir='ltr'>exinde</span> <span class='ocrx_word' id='word_1_202' title='bbox 322 1286 393 1322; x_wconf 85' lang='lat' dir='ltr'>fieri</span> <span class='ocrx_word' id='word_1_203' title='bbox 431 1291 463 1321; x_wconf 90' lang='lat' dir='ltr'>et</span> <span class='ocrx_word' id='word_1_204' title='bbox 502 1298 563 1333; x_wconf 89' lang='lat' dir='ltr'>per</span> <span class='ocrx_word' id='word_1_205' title='bbox 600 1286 801 1321; x_wconf 85' lang='lat' dir='ltr'>Johannem.</span> <span class='ocrx_word' id='word_1_206' title='bbox 841 1290 1004 1321; x_wconf 83' lang='lat' dir='ltr'>notarium</span> <span class='ocrx_word' id='word_1_207' title='bbox 1046 1286 1210 1332; x_wconf 86' lang='lat' dir='ltr'>publicum</span> <span class='ocrx_word' id='word_1_208' title='bbox 1248 1291 1467 1332; x_wconf 86' lang='lat' dir='ltr'>nostrumque</span> <span class='ocrx_word' id='word_1_209' title='bbox 1497 1291 1527 1320; x_wconf 89' lang='lat' dir='ltr'>et</span> <span class='ocrx_word' id='word_1_210' title='bbox 1559 1287 1746 1320; x_wconf 84' lang='lat' dir='ltr'>huiusmodi</span> <span class='ocrx_word' id='word_1_211' title='bbox 1781 1299 1883 1321; x_wconf 74' lang='lat' dir='ltr'>cause</span> <span class='ocrx_word' id='word_1_212' title='bbox 1913 1300 2026 1322; x_wconf 85' lang='lat' dir='ltr'>coram</span> 
     </span>
     <span class='ocr_line' id='line_1_20' title="bbox 156 1347 2029 1394; baseline -0.001 -10"><span class='ocrx_word' id='word_1_213' title='bbox 156 1349 255 1385; x_wconf 86' lang='lat' dir='ltr'>nobis</span> <span class='ocrx_word' id='word_1_214' title='bbox 295 1349 440 1384; x_wconf 82' lang='lat' dir='ltr'>scribam</span> <span class='ocrx_word' id='word_1_215' title='bbox 484 1348 732 1394; x_wconf 78' lang='lat' dir='ltr'>infrascriptum</span> <span class='ocrx_word' id='word_1_216' title='bbox 777 1347 942 1381; x_wconf 88' lang='lat' dir='ltr'>subscribi</span> <span class='ocrx_word' id='word_1_217' title='bbox 987 1353 1017 1380; x_wconf 92' lang='lat' dir='ltr'>et</span> <span class='ocrx_word' id='word_1_218' title='bbox 1062 1348 1221 1394; x_wconf 86' lang='lat' dir='ltr'>publicari</span> <span class='ocrx_word' id='word_1_219' title='bbox 1262 1348 1494 1382; x_wconf 78' lang='lat' dir='ltr'>mandavimus</span> <span class='ocrx_word' id='word_1_220' title='bbox 1533 1351 1705 1394; x_wconf 86' lang='lat' dir='ltr'>nostrique</span> <span class='ocrx_word' id='word_1_221' title='bbox 1742 1350 1840 1393; x_wconf 69' lang='lat' dir='ltr'>sigilli</span> <span class='ocrx_word' id='word_1_222' title='bbox 1869 1351 2029 1393; x_wconf 67' lang='lat' dir='ltr'>jussimus</span> 
     </span>
     <span class='ocr_line' id='line_1_21' title="bbox 158 1408 2025 1458; baseline -0.001 -13"><span class='ocrx_word' id='word_1_223' title='bbox 158 1413 366 1458; x_wconf 77' lang='lat' dir='ltr'>appensione</span> <span class='ocrx_word' id='word_1_224' title='bbox 403 1412 614 1444; x_wconf 90' lang='lat' dir='ltr'>communiri.</span> <span class='ocrx_word' id='word_1_225' title='bbox 672 1409 790 1443; x_wconf 88' lang='lat' dir='ltr'>Datum</span> <span class='ocrx_word' id='word_1_226' title='bbox 827 1414 857 1443; x_wconf 88' lang='lat' dir='ltr'>et</span> <span class='ocrx_word' id='word_1_227' title='bbox 897 1414 1005 1443; x_wconf 88' lang='lat' dir='ltr'>actum</span> <span class='ocrx_word' id='word_1_228' title='bbox 1039 1408 1179 1443; x_wconf 63' lang='lat' dir='ltr'>Viterbii</span> <span class='ocrx_word' id='word_1_229' title='bbox 1219 1412 1249 1443; x_wconf 92' lang='lat' dir='ltr'>in</span> <span class='ocrx_word' id='word_1_230' title='bbox 1279 1409 1423 1443; x_wconf 88' lang='lat' dir='ltr'>ecclesia</span> <span class='ocrx_word' id='word_1_231' title='bbox 1460 1412 1566 1443; x_wconf 87' lang='lat' dir='ltr'>sancti</span> <span class='ocrx_word' id='word_1_232' title='bbox 1597 1409 1765 1444; x_wconf 77' lang='lat' dir='ltr'>Silvestri.</span> <span class='ocrx_word' id='word_1_233' title='bbox 1798 1413 1828 1444; x_wconf 89' lang='lat' dir='ltr'>in</span> <span class='ocrx_word' id='word_1_234' title='bbox 1860 1422 1922 1456; x_wconf 90' lang='lat' dir='ltr'>qua</span> <span class='ocrx_word' id='word_1_235' title='bbox 1950 1412 2025 1454; x_wconf 89' lang='lat' dir='ltr'>jura</span> 
     </span>
     <span class='ocr_line' id='line_1_22' title="bbox 157 1470 2025 1514; baseline -0.001 -8"><span class='ocrx_word' id='word_1_236' title='bbox 157 1470 252 1506; x_wconf 83' lang='lat' dir='ltr'>reddi</span> <span class='ocrx_word' id='word_1_237' title='bbox 281 1471 389 1506; x_wconf 86' lang='lat' dir='ltr'>solent</span> <span class='ocrx_word' id='word_1_238' title='bbox 417 1470 514 1505; x_wconf 90' lang='lat' dir='ltr'>nobis</span> <span class='ocrx_word' id='word_1_239' title='bbox 551 1470 629 1505; x_wconf 92' lang='lat' dir='ltr'>inibi</span> <span class='ocrx_word' id='word_1_240' title='bbox 661 1482 758 1505; x_wconf 88' lang='lat' dir='ltr'>mane</span> <span class='ocrx_word' id='word_1_241' title='bbox 789 1470 869 1504; x_wconf 87' lang='lat' dir='ltr'>bora</span> <span class='ocrx_word' id='word_1_242' title='bbox 909 1482 1086 1504; x_wconf 85' lang='lat' dir='ltr'>causarum</span> <span class='ocrx_word' id='word_1_243' title='bbox 1125 1471 1165 1503; x_wconf 89' lang='lat' dir='ltr'>ad</span> <span class='ocrx_word' id='word_1_244' title='bbox 1192 1472 1268 1514; x_wconf 86' lang='lat' dir='ltr'>jura</span> <span class='ocrx_word' id='word_1_245' title='bbox 1299 1470 1504 1504; x_wconf 90' lang='lat' dir='ltr'>reddendum</span> <span class='ocrx_word' id='word_1_246' title='bbox 1543 1474 1572 1504; x_wconf 91' lang='lat' dir='ltr'>in</span> <span class='ocrx_word' id='word_1_247' title='bbox 1611 1472 1684 1505; x_wconf 90' lang='lat' dir='ltr'>loco</span> <span class='ocrx_word' id='word_1_248' title='bbox 1722 1477 1837 1505; x_wconf 82' lang='lat' dir='ltr'>nostro</span> <span class='ocrx_word' id='word_1_249' title='bbox 1868 1472 1965 1506; x_wconf 88' lang='lat' dir='ltr'>solito</span> <span class='ocrx_word' id='word_1_250' title='bbox 1995 1477 2025 1505; x_wconf 92' lang='lat' dir='ltr'>et</span> 
     </span>
     <span class='ocr_line' id='line_1_23' title="bbox 159 1531 2026 1579; baseline -0.002 -11"><span class='ocrx_word' id='word_1_251' title='bbox 159 1537 324 1568; x_wconf 83' lang='lat' dir='ltr'>consueto</span> <span class='ocrx_word' id='word_1_252' title='bbox 352 1543 414 1579; x_wconf 90' lang='lat' dir='ltr'>pro</span> <span class='ocrx_word' id='word_1_253' title='bbox 443 1531 750 1567; x_wconf 82' lang='lat' dir='ltr'>tribunali&#39;sedens</span> <span class='ocrx_word' id='word_1_254' title='bbox 781 1535 860 1566; x_wconf 71' lang='lat' dir='ltr'>1sici</span> <span class='ocrx_word' id='word_1_255' title='bbox 889 1531 949 1565; x_wconf 87' lang='lat' dir='ltr'>snb</span> <span class='ocrx_word' id='word_1_256' title='bbox 978 1543 1066 1566; x_wconf 83' lang='lat' dir='ltr'>anno</span> <span class='ocrx_word' id='word_1_257' title='bbox 1096 1543 1112 1564; x_wconf 87' lang='lat' dir='ltr'>a</span> <span class='ocrx_word' id='word_1_258' title='bbox 1143 1535 1318 1565; x_wconf 84' lang='lat' dir='ltr'>nativitate</span> <span class='ocrx_word' id='word_1_259' title='bbox 1347 1532 1471 1565; x_wconf 87' lang='lat' dir='ltr'>domini</span> <span class='ocrx_word' id='word_1_260' title='bbox 1503 1532 1678 1565; x_wconf 87' lang='lat' dir='ltr'>millesimo</span> <span class='ocrx_word' id='word_1_261' title='bbox 1713 1533 2026 1577; x_wconf 68' lang='lat' dir='ltr'>quadrigentesimo</span> 
     </span>
     <span class='ocr_line' id='line_1_24' title="bbox 156 1592 2024 1641; baseline -0.001 -12"><span class='ocrx_word' id='word_1_262' title='bbox 156 1597 285 1641; x_wconf 80' lang='lat' dir='ltr'>quinto.</span> <span class='ocrx_word' id='word_1_263' title='bbox 315 1594 503 1629; x_wconf 89' lang='lat' dir='ltr'>indiccione</span> <span class='ocrx_word' id='word_1_264' title='bbox 532 1593 782 1628; x_wconf 80' lang='lat' dir='ltr'>terciadecima.</span> <span class='ocrx_word' id='word_1_265' title='bbox 812 1592 865 1627; x_wconf 92' lang='lat' dir='ltr'>die</span> <span class='ocrx_word' id='word_1_266' title='bbox 897 1594 973 1627; x_wconf 88' lang='lat' dir='ltr'>lune</span> <span class='ocrx_word' id='word_1_267' title='bbox 994 1593 1242 1638; x_wconf 82' lang='lat' dir='ltr'>quartadecima</span> <span class='ocrx_word' id='word_1_268' title='bbox 1265 1596 1388 1626; x_wconf 90' lang='lat' dir='ltr'>mensis</span> <span class='ocrx_word' id='word_1_269' title='bbox 1411 1592 1619 1627; x_wconf 78' lang='lat' dir='ltr'>Decembris.</span> <span class='ocrx_word' id='word_1_270' title='bbox 1643 1593 1853 1636; x_wconf 79' lang='lat' dir='ltr'>pontificatus</span> <span class='ocrx_word' id='word_1_271' title='bbox 1875 1597 2024 1627; x_wconf 83' lang='lat' dir='ltr'>sanctis-</span> 
     </span>
     <span class='ocr_line' id='line_1_25' title="bbox 153 1654 2024 1701; baseline -0.002 -11"><span class='ocrx_word' id='word_1_272' title='bbox 153 1658 228 1690; x_wconf 78' lang='lat' dir='ltr'>simi</span> <span class='ocrx_word' id='word_1_273' title='bbox 257 1658 289 1690; x_wconf 87' lang='lat' dir='ltr'>in</span> <span class='ocrx_word' id='word_1_274' title='bbox 318 1654 454 1690; x_wconf 82' lang='lat' dir='ltr'>Christo</span> <span class='ocrx_word' id='word_1_275' title='bbox 491 1658 594 1701; x_wconf 86' lang='lat' dir='ltr'>patris</span> <span class='ocrx_word' id='word_1_276' title='bbox 623 1659 654 1688; x_wconf 84' lang='lat' dir='ltr'>el</span> <span class='ocrx_word' id='word_1_277' title='bbox 694 1654 818 1688; x_wconf 90' lang='lat' dir='ltr'>domini</span> <span class='ocrx_word' id='word_1_278' title='bbox 858 1658 961 1688; x_wconf 85' lang='lat' dir='ltr'>nostri</span> <span class='ocrx_word' id='word_1_279' title='bbox 992 1655 1114 1688; x_wconf 88' lang='lat' dir='ltr'>domini</span> <span class='ocrx_word' id='word_1_280' title='bbox 1147 1654 1351 1689; x_wconf 76' lang='lat' dir='ltr'>innocencii.</span> <span class='ocrx_word' id='word_1_281' title='bbox 1381 1655 1493 1688; x_wconf 88' lang='lat' dir='ltr'>divina</span> <span class='ocrx_word' id='word_1_282' title='bbox 1529 1654 1747 1700; x_wconf 62' lang='lat' dir='ltr'>providencia</span> <span class='ocrx_word' id='word_1_283' title='bbox 1779 1666 1863 1700; x_wconf 85' lang='lat' dir='ltr'>pape</span> <span class='ocrx_word' id='word_1_284' title='bbox 1894 1658 2024 1700; x_wconf 75' lang='lat' dir='ltr'>septimi</span> 
     </span>
     <span class='ocr_line' id='line_1_26' title="bbox 154 1714 2025 1764; baseline -0.002 -12"><span class='ocrx_word' id='word_1_285' title='bbox 154 1716 295 1764; x_wconf 86' lang='lat' dir='ltr'>predicti</span> <span class='ocrx_word' id='word_1_286' title='bbox 323 1727 413 1751; x_wconf 78' lang='lat' dir='ltr'>anno</span> <span class='ocrx_word' id='word_1_287' title='bbox 442 1716 603 1750; x_wconf 85' lang='lat' dir='ltr'>secundo.</span> <span class='ocrx_word' id='word_1_288' title='bbox 635 1715 850 1749; x_wconf 78' lang='lat' dir='ltr'>Presentibus</span> <span class='ocrx_word' id='word_1_289' title='bbox 881 1715 1000 1748; x_wconf 89' lang='lat' dir='ltr'>ibidem</span> <span class='ocrx_word' id='word_1_290' title='bbox 1036 1716 1190 1749; x_wconf 78' lang='lat' dir='ltr'>discretis</span> <span class='ocrx_word' id='word_1_291' title='bbox 1221 1718 1302 1749; x_wconf 86' lang='lat' dir='ltr'>viris</span> <span class='ocrx_word' id='word_1_292' title='bbox 1332 1718 1502 1759; x_wconf 79' lang='lat' dir='ltr'>magistris</span> <span class='ocrx_word' id='word_1_293' title='bbox 1532 1714 1746 1749; x_wconf 82' lang='lat' dir='ltr'>Theoderico</span> <span class='ocrx_word' id='word_1_294' title='bbox 1777 1716 2025 1749; x_wconf 76' lang='lat' dir='ltr'>Saiiiif‹·rlciieiit</span> 
     </span>
     <span class='ocr_line' id='line_1_27' title="bbox 155 1776 2028 1822; baseline -0.002 -10"><span class='ocrx_word' id='word_1_295' title='bbox 155 1782 190 1812; x_wconf 84' lang='lat' dir='ltr'>et</span> <span class='ocrx_word' id='word_1_296' title='bbox 218 1776 354 1812; x_wconf 83' lang='lat' dir='ltr'>Petrino</span> <span class='ocrx_word' id='word_1_297' title='bbox 383 1777 425 1811; x_wconf 88' lang='lat' dir='ltr'>de</span> <span class='ocrx_word' id='word_1_298' title='bbox 444 1776 558 1822; x_wconf 78' lang='lat' dir='ltr'>Magio</span> <span class='ocrx_word' id='word_1_299' title='bbox 588 1779 727 1811; x_wconf 86' lang='lat' dir='ltr'>notariis</span> <span class='ocrx_word' id='word_1_300' title='bbox 756 1776 907 1822; x_wconf 76' lang='lat' dir='ltr'>publicis.</span> <span class='ocrx_word' id='word_1_301' title='bbox 939 1776 1125 1821; x_wconf 59' lang='lat' dir='ltr'>scribisque</span> <span class='ocrx_word' id='word_1_302' title='bbox 1155 1779 1277 1810; x_wconf 76' lang='lat' dir='ltr'>nostris</span> <span class='ocrx_word' id='word_1_303' title='bbox 1307 1776 1439 1810; x_wconf 88' lang='lat' dir='ltr'>clericis</span> <span class='ocrx_word' id='word_1_304' title='bbox 1461 1776 1752 1810; x_wconf 83' lang='lat' dir='ltr'>llalherstadensis</span> <span class='ocrx_word' id='word_1_305' title='bbox 1775 1781 1806 1809; x_wconf 89' lang='lat' dir='ltr'>ct</span> <span class='ocrx_word' id='word_1_306' title='bbox 1830 1776 2028 1810; x_wconf 70' lang='lat' dir='ltr'>Nux-arien-</span> 
     </span>
     <span class='ocr_line' id='line_1_28' title="bbox 153 1837 1432 1884; baseline -0.002 -10"><span class='ocrx_word' id='word_1_307' title='bbox 153 1841 201 1874; x_wconf 80' lang='lat' dir='ltr'>sis</span> <span class='ocrx_word' id='word_1_308' title='bbox 231 1841 402 1873; x_wconf 74' lang='lat' dir='ltr'>civitatum</span> <span class='ocrx_word' id='word_1_309' title='bbox 433 1837 572 1873; x_wconf 88' lang='lat' dir='ltr'>testibus</span> <span class='ocrx_word' id='word_1_310' title='bbox 601 1838 642 1871; x_wconf 87' lang='lat' dir='ltr'>ad</span> <span class='ocrx_word' id='word_1_311' title='bbox 675 1841 837 1884; x_wconf 88' lang='lat' dir='ltr'>premissa</span> <span class='ocrx_word' id='word_1_312' title='bbox 869 1841 998 1871; x_wconf 73' lang='lat' dir='ltr'>vocatis</span> <span class='ocrx_word' id='word_1_313' title='bbox 1028 1838 1200 1883; x_wconf 75' lang='lat' dir='ltr'>pecioliter</span> <span class='ocrx_word' id='word_1_314' title='bbox 1231 1842 1262 1870; x_wconf 88' lang='lat' dir='ltr'>ct</span> <span class='ocrx_word' id='word_1_315' title='bbox 1293 1841 1432 1875; x_wconf 67' lang='lat' dir='ltr'>rot-ratis.</span> 
     </span>
    </p>

    <p class='ocr_par' dir='ltr' id='par_1_4' title="bbox 154 1898 2025 2008">
     <span class='ocr_line' id='line_1_29' title="bbox 310 1898 2025 1946; baseline -0.002 -12"><span class='ocrx_word' id='word_1_316' title='bbox 310 1899 350 1935; x_wconf 81' lang='lat' dir='ltr'>Et</span> <span class='ocrx_word' id='word_1_317' title='bbox 388 1911 454 1946; x_wconf 82' lang='lat' dir='ltr'>ego</span> <span class='ocrx_word' id='word_1_318' title='bbox 492 1899 664 1934; x_wconf 75' lang='lat' dir='ltr'>lohannes</span> <span class='ocrx_word' id='word_1_319' title='bbox 700 1899 741 1933; x_wconf 88' lang='lat' dir='ltr'>de</span> <span class='ocrx_word' id='word_1_320' title='bbox 778 1898 910 1932; x_wconf 74' lang='lat' dir='ltr'>Czaack</span> <span class='ocrx_word' id='word_1_321' title='bbox 950 1899 1091 1932; x_wconf 77' lang='lat' dir='ltr'>clei-iens</span> <span class='ocrx_word' id='word_1_322' title='bbox 1122 1898 1342 1932; x_wconf 65' lang='lat' dir='ltr'>‹fvnmtn-nsis</span> <span class='ocrx_word' id='word_1_323' title='bbox 1377 1898 1522 1932; x_wconf 77' lang='lat' dir='ltr'>diocesis</span> <span class='ocrx_word' id='word_1_324' title='bbox 1553 1898 1703 1944; x_wconf 86' lang='lat' dir='ltr'>publicus</span> <span class='ocrx_word' id='word_1_325' title='bbox 1746 1899 1954 1944; x_wconf 81' lang='lat' dir='ltr'>appostolica</span> <span class='ocrx_word' id='word_1_326' title='bbox 1994 1903 2025 1931; x_wconf 86' lang='lat' dir='ltr'>et</span> 
     </span>
     <span class='ocr_line' id='line_1_30' title="bbox 154 1960 762 2008; baseline -0.003 -12"><span class='ocrx_word' id='word_1_327' title='bbox 154 1960 317 2008; x_wconf 76' lang='lat' dir='ltr'>imperiali</span> <span class='ocrx_word' id='word_1_328' title='bbox 346 1963 545 1995; x_wconf 75' lang='lat' dir='ltr'>auctoritate</span> <span class='ocrx_word' id='word_1_329' title='bbox 575 1963 725 1995; x_wconf 85' lang='lat' dir='ltr'>notarius</span> <span class='ocrx_word' id='word_1_330' title='bbox 755 1988 762 1995; x_wconf 92' lang='lat'><em>.</em></span> 
     </span>
    </p>
   </div>
   <div class='ocr_carea' id='block_1_4' title="bbox 464 2030 2024 2065">
    <p class='ocr_par' dir='ltr' id='par_1_5' title="bbox 464 2030 2024 2065">
     <span class='ocr_line' id='line_1_31' title="bbox 464 2030 2024 2065; baseline -0.001 -7"><span class='ocrx_word' id='word_1_331' title='bbox 464 2031 556 2062; x_wconf 63' lang='lat' dir='ltr'>(sirie,</span> <span class='ocrx_word' id='word_1_332' title='bbox 582 2031 665 2061; x_wconf 64' lang='lat' dir='ltr'>Perit.</span> <span class='ocrx_word' id='word_1_333' title='bbox 693 2031 740 2057; x_wconf 83' lang='lat' dir='ltr'>init</span> <span class='ocrx_word' id='word_1_334' title='bbox 767 2031 834 2058; x_wconf 80' lang='lat' dir='ltr'>nub.</span> <span class='ocrx_word' id='word_1_335' title='bbox 861 2032 918 2064; x_wconf 48' lang='grc' dir='ltr'>[ἧς.</span> <span class='ocrx_word' id='word_1_336' title='bbox 946 2032 980 2055; x_wconf 82' lang='lat' dir='ltr'>iiii</span> <span class='ocrx_word' id='word_1_337' title='bbox 1008 2041 1041 2055; x_wconf 87' lang='grc' dir='ltr'>ιιι.</span> <span class='ocrx_word' id='word_1_338' title='bbox 1071 2030 1296 2058; x_wconf 47' lang='lat' dir='ltr'>{anub-sarchin</span> <span class='ocrx_word' id='word_1_339' title='bbox 1331 2031 1392 2059; x_wconf 67' lang='lat' dir='ltr'>Art,</span> <span class='ocrx_word' id='word_1_340' title='bbox 1419 2031 1566 2056; x_wconf 70' lang='lat' dir='ltr'>(tlint&#39;ltzer</span> <span class='ocrx_word' id='word_1_341' title='bbox 1591 2031 1767 2065; x_wconf 66' lang='lat' dir='ltr'>Anguntiner</span> <span class='ocrx_word' id='word_1_342' title='bbox 1800 2031 1840 2059; x_wconf 76' lang='lat' dir='ltr'>lit,</span> <span class='ocrx_word' id='word_1_343' title='bbox 1871 2032 1900 2058; x_wconf 75' lang='lat' dir='ltr'>F.</span> <span class='ocrx_word' id='word_1_344' title='bbox 1927 2041 1952 2058; x_wconf 86' lang='lat' dir='ltr'>ii.</span> <span class='ocrx_word' id='word_1_345' title='bbox 1981 2033 2024 2065; x_wconf 70' lang='lat'>2.)</span> 
     </span>
    </p>
   </div>
   <div class='ocr_carea' id='block_1_5' title="bbox 1037 2175 1143 2210">
    <p class='ocr_par' dir='ltr' id='par_1_6' title="bbox 1037 2175 1143 2210">
     <span class='ocr_line' id='line_1_32' title="bbox 1037 2175 1143 2210; baseline 0 -2"><span class='ocrx_word' id='word_1_346' title='bbox 1037 2175 1143 2210; x_wconf 50' lang='lat'>3⁸9.</span> 
     </span>
    </p>
   </div>
   <div class='ocr_carea' id='block_1_6' title="bbox 153 2244 2020 2293">
    <p class='ocr_par' dir='ltr' id='par_1_7' title="bbox 153 2244 2020 2293">
     <span class='ocr_line' id='line_1_33' title="bbox 153 2244 2020 2293; baseline -0.004 -10"><span class='ocrx_word' id='word_1_347' title='bbox 153 2247 333 2284; x_wconf 70' lang='lat' dir='ltr'>lehunum</span> <span class='ocrx_word' id='word_1_348' title='bbox 361 2248 403 2283; x_wconf 81' lang='lat' dir='ltr'>de</span> <span class='ocrx_word' id='word_1_349' title='bbox 433 2248 613 2282; x_wconf 64' lang='lat' dir='ltr'>(inc-:coen</span> <span class='ocrx_word' id='word_1_350' title='bbox 640 2247 856 2293; x_wconf 71' lang='lat' dir='ltr'>pupslliclwr</span> <span class='ocrx_word' id='word_1_351' title='bbox 888 2248 1047 2280; x_wconf 65' lang='lat' dir='ltr'>Auditor.</span> <span class='ocrx_word' id='word_1_352' title='bbox 1080 2247 1168 2287; x_wconf 64' lang='lat' dir='ltr'>zeiqs!</span> <span class='ocrx_word' id='word_1_353' title='bbox 1197 2245 1268 2277; x_wconf 74' lang='lat' dir='ltr'>dem</span> <span class='ocrx_word' id='word_1_354' title='bbox 1302 2245 1476 2278; x_wconf 61' lang='lat' dir='ltr'>(linteum-r</span> <span class='ocrx_word' id='word_1_355' title='bbox 1507 2244 1657 2289; x_wconf 64' lang='lat' dir='ltr'>liin-laus</span> <span class='ocrx_word' id='word_1_356' title='bbox 1689 2257 1746 2279; x_wconf 77' lang='lat' dir='ltr'>mi.</span> <span class='ocrx_word' id='word_1_357' title='bbox 1777 2246 1858 2278; x_wconf 68' lang='lat' dir='ltr'>dnsx</span> <span class='ocrx_word' id='word_1_358' title='bbox 1888 2257 1927 2278; x_wconf 80' lang='lat' dir='ltr'>er</span> <span class='ocrx_word' id='word_1_359' title='bbox 1957 2245 2020 2278; x_wconf 83' lang='lat' dir='ltr'>deu</span> 
     </span>
    </p>
   </div>
   <div class='ocr_carea' id='block_1_7' title="bbox 151 2305 2018 2416">
    <p class='ocr_par' dir='ltr' id='par_1_8' title="bbox 151 2305 2018 2416">
     <span class='ocr_line' id='line_1_34' title="bbox 151 2305 2018 2355; baseline -0.003 -11"><span class='ocrx_word' id='word_1_360' title='bbox 151 2308 299 2355; x_wconf 65' lang='lat' dir='ltr'>Horret·</span> <span class='ocrx_word' id='word_1_361' title='bbox 327 2308 400 2344; x_wconf 73' lang='lat' dir='ltr'>Mile</span> <span class='ocrx_word' id='word_1_362' title='bbox 429 2321 542 2353; x_wconf 72' lang='lat' dir='ltr'>meyero</span> <span class='ocrx_word' id='word_1_363' title='bbox 572 2309 631 2342; x_wconf 69' lang='lat' dir='ltr'>des</span> <span class='ocrx_word' id='word_1_364' title='bbox 661 2309 869 2353; x_wconf 72' lang='lat' dir='ltr'>Slrc&#39;llsullex</span> <span class='ocrx_word' id='word_1_365' title='bbox 900 2320 950 2340; x_wconf 85' lang='lat' dir='ltr'>nm</span> <span class='ocrx_word' id='word_1_366' title='bbox 982 2308 1035 2340; x_wconf 68' lang='lat' dir='ltr'>alie</span> <span class='ocrx_word' id='word_1_367' title='bbox 1059 2306 1282 2350; x_wconf 73' lang='lat' dir='ltr'>l’sni·rlco&#39;r1·lw</span> <span class='ocrx_word' id='word_1_368' title='bbox 1309 2307 1341 2338; x_wconf 71' lang='lat' dir='ltr'>in</span> <span class='ocrx_word' id='word_1_369' title='bbox 1365 2305 1597 2349; x_wconf 63' lang='lat' dir='ltr'>Ner-urnynlo&#39;ls</span> <span class='ocrx_word' id='word_1_370' title='bbox 1629 2317 1689 2339; x_wconf 65' lang='grc' dir='ltr'>ειη·</span> <span class='ocrx_word' id='word_1_371' title='bbox 1728 2305 2018 2348; x_wconf 69' lang='lat' dir='ltr'>l&#39;ermilicorluny</span> 
     </span>
     <span class='ocr_line' id='line_1_35' title="bbox 323 2366 1843 2416; baseline -0.003 -12"><span class='ocrx_word' id='word_1_372' title='bbox 323 2382 385 2404; x_wconf 80' lang='lat' dir='ltr'>ror</span> <span class='ocrx_word' id='word_1_373' title='bbox 413 2371 475 2405; x_wconf 84' lang='lat' dir='ltr'>den</span> <span class='ocrx_word' id='word_1_374' title='bbox 502 2370 719 2416; x_wconf 69' lang='lat' dir='ltr'>populielwn</span> <span class='ocrx_word' id='word_1_375' title='bbox 750 2370 852 2403; x_wconf 77' lang='lat' dir='ltr'>Slulel</span> <span class='ocrx_word' id='word_1_376' title='bbox 880 2371 972 2402; x_wconf 77' lang='lat' dir='ltr'>cili‘r!</span> <span class='ocrx_word' id='word_1_377' title='bbox 1001 2368 1101 2400; x_wconf 61' lang='lat' dir='ltr'>holte.</span> <span class='ocrx_word' id='word_1_378' title='bbox 1137 2366 1191 2400; x_wconf 83' lang='lat' dir='ltr'>m.</span> <span class='ocrx_word' id='word_1_379' title='bbox 1234 2366 1386 2403; x_wconf 73' lang='lat' dir='ltr'>t&#39;iierhii,</span> <span class='ocrx_word' id='word_1_380' title='bbox 1420 2366 1476 2400; x_wconf 81' lang='lat' dir='ltr'>l&#39;l.</span> <span class='ocrx_word' id='word_1_381' title='bbox 1511 2366 1701 2400; x_wconf 70' lang='lat' dir='ltr'>December</span> <span class='ocrx_word' id='word_1_382' title='bbox 1735 2367 1843 2400; x_wconf 68' lang='lat'><em>1705.</em></span> 
     </span>
    </p>
   </div>
   <div class='ocr_carea' id='block_1_8' title="bbox 145 2428 2017 2677">
    <p class='ocr_par' dir='ltr' id='par_1_9' title="bbox 145 2428 2017 2677">
     <span class='ocr_line' id='line_1_36' title="bbox 305 2428 2017 2495; baseline -0.005 -9"><span class='ocrx_word' id='word_1_383' title='bbox 305 2428 534 2486; x_wconf 72' lang='lat' dir='ltr'>Reverendo</span> <span class='ocrx_word' id='word_1_384' title='bbox 564 2453 594 2483; x_wconf 90' lang='lat' dir='ltr'>in</span> <span class='ocrx_word' id='word_1_385' title='bbox 624 2449 759 2483; x_wconf 71' lang='lat' dir='ltr'>Christo</span> <span class='ocrx_word' id='word_1_386' title='bbox 797 2451 880 2495; x_wconf 86' lang='lat' dir='ltr'>patri</span> <span class='ocrx_word' id='word_1_387' title='bbox 919 2453 948 2479; x_wconf 89' lang='lat' dir='ltr'>et</span> <span class='ocrx_word' id='word_1_388' title='bbox 981 2448 1115 2480; x_wconf 85' lang='lat' dir='ltr'>domino</span> <span class='ocrx_word' id='word_1_389' title='bbox 1145 2446 1279 2479; x_wconf 82' lang='lat' dir='ltr'>domino</span> <span class='ocrx_word' id='word_1_390' title='bbox 1308 2446 1360 2479; x_wconf 88' lang='lat' dir='ltr'>dei</span> <span class='ocrx_word' id='word_1_391' title='bbox 1390 2450 1421 2478; x_wconf 84' lang='lat' dir='ltr'>ct</span> <span class='ocrx_word' id='word_1_392' title='bbox 1451 2447 1634 2492; x_wconf 80' lang='lat' dir='ltr'>apostolice</span> <span class='ocrx_word' id='word_1_393' title='bbox 1663 2446 1751 2479; x_wconf 71' lang='lat' dir='ltr'>scdis</span> <span class='ocrx_word' id='word_1_394' title='bbox 1783 2448 1899 2484; x_wconf 61' lang='lat' dir='ltr'>gracia</span> <span class='ocrx_word' id='word_1_395' title='bbox 1939 2448 2017 2491; x_wconf 84' lang='lat' dir='ltr'>epi-</span> 
     </span>
     <span class='ocr_line' id='line_1_37' title="bbox 147 2506 2015 2559; baseline -0.005 -11"><span class='ocrx_word' id='word_1_396' title='bbox 147 2523 253 2559; x_wconf 74' lang='lat' dir='ltr'>scopo</span> <span class='ocrx_word' id='word_1_397' title='bbox 273 2512 490 2547; x_wconf 83' lang='lat' dir='ltr'>Olomucensi</span> <span class='ocrx_word' id='word_1_398' title='bbox 517 2514 655 2556; x_wconf 83' lang='lat' dir='ltr'>eiusque</span> <span class='ocrx_word' id='word_1_399' title='bbox 685 2513 716 2544; x_wconf 95' lang='lat' dir='ltr'>in</span> <span class='ocrx_word' id='word_1_400' title='bbox 751 2509 975 2555; x_wconf 56' lang='lat' dir='ltr'>spiritualibus·</span> <span class='ocrx_word' id='word_1_401' title='bbox 996 2513 1025 2539; x_wconf 91' lang='lat' dir='ltr'>et</span> <span class='ocrx_word' id='word_1_402' title='bbox 1049 2506 1287 2551; x_wconf 79' lang='lat' dir='ltr'>temporalibus</span> <span class='ocrx_word' id='word_1_403' title='bbox 1309 2510 1436 2540; x_wconf 80' lang='lat' dir='ltr'>vicario</span> <span class='ocrx_word' id='word_1_404' title='bbox 1456 2511 1488 2539; x_wconf 88' lang='lat' dir='ltr'>et</span> <span class='ocrx_word' id='word_1_405' title='bbox 1516 2506 1649 2540; x_wconf 78' lang='lat' dir='ltr'>officiali</span> <span class='ocrx_word' id='word_1_406' title='bbox 1680 2507 1844 2545; x_wconf 61' lang='lat' dir='ltr'>generali.</span> <span class='ocrx_word' id='word_1_407' title='bbox 1869 2509 2015 2538; x_wconf 67' lang='lat' dir='ltr'>ceteris—</span> 
     </span>
     <span class='ocr_line' id='line_1_38' title="bbox 146 2567 2010 2620; baseline -0.005 -12"><span class='ocrx_word' id='word_1_408' title='bbox 146 2584 212 2620; x_wconf 80' lang='lat' dir='ltr'>que</span> <span class='ocrx_word' id='word_1_409' title='bbox 236 2572 416 2618; x_wconf 75' lang='lat' dir='ltr'>Judlcibus.</span> <span class='ocrx_word' id='word_1_410' title='bbox 446 2571 655 2606; x_wconf 76' lang='lat' dir='ltr'>officialibus.</span> <span class='ocrx_word' id='word_1_411' title='bbox 685 2571 860 2610; x_wconf 54' lang='lat' dir='ltr'>delegatis.</span> <span class='ocrx_word' id='word_1_412' title='bbox 892 2570 1128 2606; x_wconf 64' lang='lat' dir='ltr'>subdo-leuatis.</span> <span class='ocrx_word' id='word_1_413' title='bbox 1160 2567 1398 2601; x_wconf 60' lang='lat' dir='ltr'>executoribus</span> <span class='ocrx_word' id='word_1_414' title='bbox 1429 2572 1459 2600; x_wconf 87' lang='lat' dir='ltr'>el</span> <span class='ocrx_word' id='word_1_415' title='bbox 1489 2567 1793 2601; x_wconf 73' lang='lat' dir='ltr'>subi-,vecutorilnis</span> <span class='ocrx_word' id='word_1_416' title='bbox 1827 2580 1865 2600; x_wconf 78' lang='lat' dir='ltr'>ae</span> <span class='ocrx_word' id='word_1_417' title='bbox 1895 2578 2010 2599; x_wconf 83' lang='lat' dir='ltr'>eornm</span> 
     </span>
     <span class='ocr_line' id='line_1_39' title="bbox 145 2628 2015 2677; baseline -0.005 -8"><span class='ocrx_word' id='word_1_418' title='bbox 145 2633 424 2669; x_wconf 69' lang='lat' dir='ltr'>locatenentibus.</span> <span class='ocrx_word' id='word_1_419' title='bbox 456 2643 586 2666; x_wconf 85' lang='lat' dir='ltr'>necnon</span> <span class='ocrx_word' id='word_1_420' title='bbox 609 2631 746 2677; x_wconf 65' lang='lat' dir='ltr'>Mykoni</span> <span class='ocrx_word' id='word_1_421' title='bbox 778 2631 915 2677; x_wconf 83' lang='lat' dir='ltr'>l&#39;bilippi</span> <span class='ocrx_word' id='word_1_422' title='bbox 937 2632 977 2663; x_wconf 85' lang='lat' dir='ltr'>de</span> <span class='ocrx_word' id='word_1_423' title='bbox 999 2630 1191 2662; x_wconf 73' lang='lat' dir='ltr'>t&#39;zilinwicz</span> <span class='ocrx_word' id='word_1_424' title='bbox 1220 2633 1350 2662; x_wconf 73' lang='lat' dir='ltr'>asserto</span> <span class='ocrx_word' id='word_1_425' title='bbox 1381 2628 1581 2675; x_wconf 70' lang='lat' dir='ltr'>presbytero</span> <span class='ocrx_word' id='word_1_426' title='bbox 1611 2630 1848 2662; x_wconf 69' lang='lat' dir='ltr'>(Momm-ensis</span> <span class='ocrx_word' id='word_1_427' title='bbox 1870 2629 2015 2660; x_wconf 59' lang='lat' dir='ltr'>‹tinea-&gt;is</span> 
     </span>
    </p>
   </div>
   <div class='ocr_carea' id='block_1_9' title="bbox 148 2690 2013 2780">
    <p class='ocr_par' dir='ltr' id='par_1_10' title="bbox 148 2690 2013 2780">
     <span class='ocr_line' id='line_1_40' title="bbox 148 2690 2013 2740; baseline -0.005 -11"><span class='ocrx_word' id='word_1_428' title='bbox 148 2705 193 2730; x_wconf 77' lang='lat' dir='ltr'>ox</span> <span class='ocrx_word' id='word_1_429' title='bbox 222 2695 368 2728; x_wconf 72' lang='lat' dir='ltr'>adverso</span> <span class='ocrx_word' id='word_1_430' title='bbox 398 2694 573 2740; x_wconf 76' lang='lat' dir='ltr'>principali</span> <span class='ocrx_word' id='word_1_431' title='bbox 604 2696 634 2727; x_wconf 89' lang='lat' dir='ltr'>in</span> <span class='ocrx_word' id='word_1_432' title='bbox 657 2693 868 2738; x_wconf 72' lang='lat' dir='ltr'>infrascripta</span> <span class='ocrx_word' id='word_1_433' title='bbox 891 2691 984 2725; x_wconf 58' lang='lat' dir='ltr'>nobis</span> <span class='ocrx_word' id='word_1_434' title='bbox 1016 2691 1101 2723; x_wconf 77' lang='lat' dir='ltr'>sactu</span> <span class='ocrx_word' id='word_1_435' title='bbox 1132 2691 1369 2725; x_wconf 71' lang='lat' dir='ltr'>commissione</span> <span class='ocrx_word' id='word_1_436' title='bbox 1398 2700 1439 2722; x_wconf 81' lang='lat' dir='ltr'>ex</span> <span class='ocrx_word' id='word_1_437' title='bbox 1463 2690 1608 2723; x_wconf 67' lang='lat' dir='ltr'>adverso</span> <span class='ocrx_word' id='word_1_438' title='bbox 1639 2690 1868 2735; x_wconf 80' lang='lat' dir='ltr'>principaliter</span> <span class='ocrx_word' id='word_1_439' title='bbox 1898 2691 2013 2721; x_wconf 72' lang='lat' dir='ltr'>nonni-</span> 
     </span>
     <span class='ocr_line' id='line_1_41' title="bbox 1878 2757 1906 2780; baseline 0.107 -3"><span class='ocrx_word' id='word_1_440' title='bbox 1878 2757 1906 2780; x_wconf 62' lang='lat' dir='ltr'>‚ni</span> 
     </span>
    </p>
   </div>
  </div>
 </body>
</html>
