2347 3153
1266 210 1339 244 316

364 323 510 365 juratum
541 322 634 353 citari
666 318 835 352 mandavit
866 322 894 351 et
926 317 1002 351 secit
1034 317 1073 349 ad
1105 320 1232 349 certum
1263 316 1524 360 peremptorium
1555 316 1731 346 terminum
1763 317 2022 358 competentem.
2079 312 2115 346 In
2145 324 2235 358 quo-

367 381 498 427 quidem
529 382 671 413 termino
701 381 884 424 cmuparuit
917 382 946 411 in
981 378 1107 421 judicio
1147 387 1260 410 coram
1299 375 1386 408 dicto
1426 375 1558 407 domino
1597 374 1757 407 cardinali
1789 374 1903 418 judice
1942 378 1973 407 et
2003 376 2235 408 commissario

368 445 529 487 magister
549 440 750 474 wilhelmus
772 439 839 473 Leo
860 442 1059 484 procurator
1080 437 1261 483 predictus.
1284 437 1518 482 procuratorio
1542 437 1676 468 nomine
1706 446 1770 480 quo
1792 445 1904 480 supra,
1926 439 1956 468 et
1979 434 2055 468 dicti
2085 437 2237 479 magistri

366 503 528 537 ,Iohannis
559 502 599 535 de
629 500 803 534 Sci-ivanis
833 500 1061 545 procuratoris
1100 508 1167 531 non
1197 499 1435 542 comparentis.
1475 507 1583 541 neque
1622 495 1732 541 aliqua
1757 497 1834 539 jura
1864 498 1938 529 sive
1968 498 2172 529 munimenta
2204 498 2235 529 in

369 564 430 598 hac
460 574 560 597 causa
591 562 780 607 producere
810 565 861 593 aut
898 559 1034 605 produci
1077 558 1193 592 videre
1223 560 1383 594 curantis.
1423 559 1666 590 contumaciam
1705 559 1879 590 accusavit
1907 559 2082 602 ipsumque
2112 560 2237 590 contu—

369 636 496 659 macem
536 625 684 669 reputari
722 633 782 667 per
821 621 988 654 dominum
1025 619 1229 653 cardinalem
1265 619 1412 663 judicem
1453 622 1483 651 et
1521 620 1788 651 commissarium
1819 617 1984 662 prefatum
2021 617 2130 651 debita
2161 628 2236 651 cum

368 688 528 720 instancia
559 684 748 730 postulavit.
779 687 808 715 et
840 685 870 715 in
901 682 972 725 ejus
1003 682 1246 714 contumaciam
1278 682 1388 712 onmia
1419 683 1449 713 et
1480 678 1611 723 singula
1637 680 1714 722 jura
1744 682 1776 711 et
1805 681 2008 712 munimenta
2047 689 2107 724 pro
2142 683 2236 724 parte

368 758 426 781 sua
456 749 489 780 in
519 746 590 779 aliis
630 746 800 778 instanciis
830 742 1020 776 huiusmodi
1051 741 1146 780 datis,
1178 740 1336 774 exhibitis
1366 745 1397 773 et
1428 741 1598 786 productis
1628 742 1766 785 repeciit
1797 744 1829 773 et
1858 751 1897 773 ea
1928 739 1981 773 hic
2002 739 2108 773 verbo
2130 739 2234 774 dum-

367 812 458 841 taxat
488 818 546 852 pro
576 810 669 851 parte
699 816 756 838 sua
787 803 938 837 exhibuit
967 807 1066 847 atque
1097 801 1305 847 reproduxit.
1338 801 1536 846 Quiquidmu
1567 800 1720 835 dominus
1751 801 1930 834 cardinalis
1955 800 2062 845 judex
2083 805 2116 834 et
2136 811 2237 835 com-

368 871 540 902 missarius
570 868 690 899 dictum
722 868 917 909 magistrum
947 863 1134 897 Johannem
1166 863 1207 896 de
1237 862 1412 896 Sci-ivanis
1443 866 1698 907 procuratorem
1728 872 1793 894 nou
1823 865 2086 907 comparentem,
2126 872 2237 907 neque

367 930 453 963 dicto
484 930 625 961 termino
665 929 695 960 in
735 926 844 971 aliquo
882 924 1081 959 satisfacere
1117 927 1302 965 curantem.
1346 922 1423 956 licet
1461 927 1571 956 tamen
1609 922 1816 956 sufficienter
1856 927 1887 955 et
1916 933 2021 968 usque
2050 921 2089 955 ad
2121 921 2236 956 horam

367 990 509 1024 debitam
540 992 766 1035 expectatum.
798 989 965 1033 reputavit
995 985 1137 1019 eundem
1169 987 1301 1018 merito.
1332 988 1427 1030 prout
1459 988 1543 1018 erat.
1573 983 1681 1029 quoad
1711 988 1820 1017 actum
1852 987 1884 1017 et
1912 985 2089 1017 terminum
2115 982 2237 1017 huius—

369 1051 466 1084 modi.
498 1053 658 1093 exigente
683 1050 819 1093 justicia
857 1052 1091 1081 contumacem
1130 1051 1160 1079 et
1200 1049 1231 1079 in
1268 1046 1340 1090 ejus
1379 1047 1622 1078 contumaciam
1662 1047 1768 1090 ipsum
1809 1044 1947 1078 ulterius
1985 1043 2027 1077 ad
2056 1044 2237 1090 supradicti

368 1114 517 1157 magistri
539 1110 711 1144 Willielmi
734 1109 801 1142 Leo
831 1110 1059 1154 procuratoris
1089 1118 1154 1152 qno
1184 1118 1283 1152 supra
1315 1109 1449 1139 nomine
1480 1109 1678 1139 instanciam
1708 1111 1740 1139 et
1771 1108 1971 1151 peticionem
1997 1105 2039 1139 ad
2061 1105 2235 1140 dicendum

367 1178 397 1206 et
428 1172 676 1218 opponendum.
707 1170 884 1216 quidquam
914 1168 1021 1202 verbo
1053 1168 1106 1201 vel
1137 1171 1168 1201 in
1198 1170 1331 1212 scriptis
1361 1167 1475 1201 dicere
1505 1178 1563 1200 seu
1595 1169 1757 1213 excipere
1787 1167 1944 1210 voluerit,
1973 1165 2081 1201 verbo
2117 1166 2173 1201 vel
2207 1169 2237 1201 iu

371 1236 503 1279 scriptis
533 1237 649 1266 contra
680 1232 766 1265 dicta
800 1232 875 1275 jura
916 1234 947 1263 et
986 1232 1189 1263 munimenta
1231 1233 1264 1262 ut
1303 1230 1501 1274 premittitur
1538 1231 1679 1274 repetita
1709 1239 1770 1274 per
1798 1227 2026 1274 supradict-um
2055 1230 2237 1274 porterium

367 1299 440 1329 sive
469 1297 624 1328 nuncium
651 1295 796 1337 juratum
828 1295 921 1325 citari
945 1291 1113 1324 mandavit
1135 1294 1166 1323 et
1188 1290 1263 1323 fecit
1286 1290 1324 1323 ad
1347 1293 1474 1323 certum
1496 1291 1758 1335 peremptorium
1781 1291 1957 1322 terminum
1978 1293 2235 1335 competentem.

367 1357 531 1401 Dictoque
562 1358 703 1389 termino
738 1354 940 1387 adveniente
978 1357 1010 1386 et
1049 1355 1077 1385 in
1118 1351 1237 1385 codem
1277 1362 1390 1384 coram
1429 1349 1559 1395 prefato
1596 1349 1731 1384 domino
1770 1350 1930 1383 cardinali
1964 1349 2069 1395 judici
2099 1348 2176 1396 (sic)
2207 1354 2237 1383 et

365 1419 598 1451 commissario
628 1418 658 1449 in
684 1415 811 1459 judicio
841 1417 1058 1459 comparente
1089 1415 1252 1456 magistro
1274 1411 1456 1445 wilhelmo
1479 1411 1545 1444 Leo
1571 1415 1790 1457 procuratore
1811 1411 1974 1457 predicto,
2004 1413 2237 1457 procuratorio

370 1481 503 1511 nomine
542 1488 606 1522 qno
636 1487 749 1522 supra.
789 1480 819 1508 et
850 1474 970 1521 prefati
1010 1476 1161 1518 magistri
1190 1472 1353 1506 Joltannis
1383 1473 1424 1506 de
1455 1472 1630 1506 Sci-ivanis
1660 1475 1889 1518 procuratoris
1918 1471 1979 1506 sibi
2009 1483 2053 1505 cx
2089 1471 2235 1506 adverso

366 1550 430 1572 non
462 1540 698 1584 comparentis.
730 1548 838 1581 neque
868 1535 1045 1581 quidquam
1078 1534 1183 1568 verbo
1213 1534 1267 1568 vel
1298 1536 1328 1567 in
1359 1536 1492 1580 scriptis
1522 1538 1638 1567 contra
1670 1533 1769 1576 dicta.
1800 1537 1834 1566 ut
1862 1535 2074 1579 premittitur,
2098 1533 2175 1577 jura
2205 1537 2237 1566 et

367 1603 569 1634 munimenta
600 1601 741 1644 repetita
763 1598 876 1631 dicere
898 1608 955 1630 seu
979 1599 1139 1642 excipere
1161 1598 1319 1638 curantis,
1342 1597 1587 1628 contumaciam
1609 1599 1789 1628 accusante
1811 1597 1984 1640 ipsumque
2005 1598 2237 1628 contumacem

370 1664 516 1707 reputari
545 1671 605 1706 per
635 1660 802 1693 dominum
834 1657 1038 1691 cardinalem
1073 1657 1221 1701 judicem
1259 1660 1291 1689 et
1321 1658 1587 1689 conunissarium
1624 1654 1788 1701 prefatum
1827 1654 1936 1689 debita
1971 1666 2045 1688 cuin
2075 1657 2237 1689 instancia

367 1722 567 1767 postulante.
600 1720 639 1754 Et
671 1724 746 1753 tunc
779 1723 983 1753 memoratus
1013 1718 1166 1751 dominus
1196 1716 1375 1751 cardinalis
1401 1716 1506 1760 judex
1546 1720 1577 1749 et
1607 1719 1858 1750 commissarius
1888 1715 2010 1749 dictum
2041 1718 2236 1762 magistrum

366 1782 552 1816 Johannmu
597 1781 637 1815 de
676 1781 850 1814 Scrivauis
894 1783 1148 1825 procuratorem
1192 1790 1258 1812 non
1301 1782 1567 1823 comparentem,
1611 1789 1720 1823 neque
1757 1777 1845 1811 dicto
1884 1779 2026 1811 termino
2066 1779 2096 1810 in
2125 1776 2237 1822 aliquo

364 1844 560 1878 satisfacere
591 1847 776 1881 curantem„
807 1842 883 1875 licet
914 1846 1023 1874 tamen
1054 1839 1261 1874 sufficienter
1290 1843 1321 1872 et
1352 1850 1457 1883 usque
1487 1838 1526 1872 ad
1558 1838 1675 1872 horam
1706 1838 1850 1872 debitam
1880 1842 2105 1884 expectatum,
2128 1848 2238 1884 repu-

366 1908 446 1939 tavit
477 1907 607 1939 merito.
639 1908 735 1950 prout
765 1907 848 1938 erat.
879 1901 987 1947 quoad
1020 1906 1128 1934 actum
1160 1905 1191 1933 ct
1221 1902 1399 1933 terminum
1427 1899 1626 1939 huiusmodi.
1649 1903 1809 1944 exigente
1834 1900 1969 1944 justicia
1992 1903 2237 1943 contumacem,

366 1971 397 1999 et
428 1969 457 1999 in
498 1967 569 2009 ejus
607 1967 849 1998 contumaciam
891 1967 995 2009 ipsum
1034 1962 1171 1995 ulterius
1209 1962 1248 1994 ad
1288 1961 1365 1994 dicti
1405 1963 1557 2005 magistri
1587 1960 1760 1994 Williclmi
1800 1960 1866 1994 Leo
1907 1962 2136 2006 procuratoris
2175 1971 2239 2006 quo

366 2038 464 2073 supra
505 2030 639 2060 nomine
679 2028 872 2059 instanciam
911 2029 940 2057 et
983 2027 1182 2069 peticionem
1222 2022 1260 2055 ad
1301 2022 1538 2056 declarandum
1576 2027 1607 2055 et
1645 2021 1809 2055 declarari
1844 2021 2037 2065 videndum,
2081 2020 2238 2066 quidquid

368 2088 472 2121 verbo
517 2088 569 2121 vel
615 2091 644 2121 in
689 2089 821 2132 scriptis
867 2089 897 2119 in
942 2085 1004 2119 liac
1043 2096 1143 2118 causa
1181 2084 1355 2117 declarare
1395 2083 1551 2117 voluerit.
1591 2094 1651 2128 per
1688 2082 1912 2128 supradictum
1950 2084 2134 2128 porterium
2164 2084 2237 2115 sive

367 2153 519 2182 nuncium
547 2150 692 2191 juratum
724 2150 817 2181 citari
848 2147 1016 2180 mandavit
1048 2150 1077 2178 et
1119 2146 1194 2178 l'ecit
1234 2145 1274 2178 ad
1306 2149 1433 2178 certum
1464 2146 1725 2190 pei·t.=nipt‹›1·iuiu
1763 2146 1939 2177 terminum
1979 2147 2237 2189 competentem.

366 2221 462 2254 quem
495 2214 570 2242 tunc
600 2209 640 2242 ad
672 2209 757 2242 idem
789 2208 876 2241 dicto
908 2210 1069 2251 magistro
1099 2206 1371 2239 tt'itti‹·1111‹›1,e‹›
1401 2207 1611 2251 procuratori
1643 2209 1671 2237 et
1704 2208 1788 2250 parti
1819 2216 1878 2238 suc
1908 2205 1938 2238 id
1968 2206 2092 2250 petenti
2122 2202 2239 2237 nichi-

368 2271 508 2303 lominus
538 2270 577 2303 ad
602 2270 686 2303 idem
710 2272 856 2309 simiaiiti
880 2271 966 2308 isic).
1001 2267 1195 2301 uniusmodi
1227 2270 1336 2312 itaque
1358 2268 1500 2299 termino
1521 2265 1722 2299 adveniente
1752 2270 1783 2298 et
1804 2268 1835 2299 in
1859 2265 1977 2299 eodem
2008 2275 2122 2298 coram
2152 2263 2240 2298 dicto

366 2331 500 2363 domino
543 2331 703 2363 cardinali
743 2330 857 2374 judice
901 2334 931 2362 et
976 2331 1208 2362 commissario
1248 2331 1278 2361 in
1330 2327 1453 2371 judicio
1490 2331 1707 2371 comparente
1748 2329 1909 2371 magistro
1949 2324 2133 2359 Willielmo
2171 2324 2238 2359 Leo

367 2396 585 2436 procuratore
617 2391 777 2437 predicto.
810 2392 1045 2436 procuratorio
1077 2392 1209 2423 nomine
1231 2401 1295 2434 quo
1316 2399 1429 2434 supra.
1460 2391 1489 2420 et
1512 2387 1588 2419 dicti
1621 2390 1770 2431 magistri
1802 2386 1964 2420 Joliannis
1994 2386 2034 2420 de
2060 2385 2238 2420 Scrivanis

367 2455 593 2497 procuratoris
625 2464 688 2485 non
720 2453 957 2497 comparentis.
988 2462 1096 2495 neque
1127 2450 1304 2495 quidquam
1332 2448 1437 2482 verbo
1470 2447 1520 2481 vel
1552 2450 1581 2480 in
1613 2450 1746 2493 scriptis
1777 2450 1807 2481 in
1839 2447 1902 2481 hac
1931 2458 2033 2481 causa
2064 2446 2238 2481 declarare

366 2517 417 2545 aut
449 2513 611 2545 declarari
644 2514 760 2545 videre
782 2515 940 2545 curantis.
963 2513 1206 2544 coiitumaciaiu
1229 2514 1410 2543 accusante
1433 2511 1606 2555 ipsumque
1628 2514 1860 2542 contumacem
1883 2511 2029 2554 reputari
2050 2507 2238 2554 postulante

367 2578 395 2605 et
428 2576 456 2606 in
488 2575 560 2615 ejus
599 2576 842 2606 contumaciam
882 2573 961 2605 dixit
1003 2584 1039 2605 se
1071 2583 1129 2616 pro
1170 2576 1245 2604 tuuc
1276 2574 1305 2604 in
1339 2570 1400 2604 liae
1439 2581 1539 2603 causa
1571 2570 1612 2603 nil
1653 2569 1740 2603 velle
1779 2569 1964 2603 declarare.
2023 2568 2236 2603 Postmodum

368 2645 450 2667 vero
483 2634 566 2667 idem
600 2637 760 2672 magister
780 2633 953 2666 tatinum—s
984 2633 1023 2666 de
1046 2632 1220 2665 Sci-ivanis
1251 2635 1451 2677 prm-uratur
1481 2641 1545 2675 quo
1576 2641 1675 2675 supra
1707 2633 1840 2663 nomine
1870 2641 1887 2662 a
1919 2629 2084 2663 nonnullis
2105 2640 2239 2673 grava-

370 2694 523 2728 minibus.
554 2695 613 2727 silui
646 2700 674 2726 ut
707 2698 847 2727 asseruit
880 2705 938 2739 per
977 2693 1097 2726 dictum
1135 2692 1303 2725 dominum
1343 2691 1548 2726 cardinalem
1584 2691 1730 2735 judicem
1770 2695 1799 2724 et
1831 2693 2099 2724 commissarium
2131 2689 2239 2731 illatis.
