2347 3153
0 2245 9 2391 rvr-v-
0 2166 6 2210 vv
0 2147 2 2153 -

1021 272 1088 306 107

113 381 333 424 prescriptam
364 378 451 411 dicte
489 378 634 411 ecclesie
665 378 899 411 Olomuccnsis
935 377 1212 411 consuetudinem
1251 377 1292 410 ad
1329 377 1451 411 dictum
1491 378 1596 410 altare
1635 381 1808 411 instituere
1839 382 1867 410 et
1900 389 1989 411 con-

113 437 247 473 firmare
276 437 336 472 sibi
366 438 696 472 adininistracionem
718 438 794 472 dicti
816 439 930 472 altaris
952 441 982 472 in
1004 437 1230 484 spiritualibus
1260 442 1291 471 et
1313 438 1552 484 temporalibus
1573 441 1831 472 committentes.
1863 438 1983 473 Datum

114 497 298 534 olomuncz
327 510 414 533 anno
444 499 567 533 domini
598 497 782 533 MOCCCCO
810 503 917 545 primo
948 499 1000 532 die
1030 498 1188 533 xxvlll.
1220 502 1344 532 mensis
1375 498 1548 533 Februarii
1580 510 1654 533 meo
1685 499 1805 544 sigillo.

426 570 518 598 (Oi-ig,
545 571 626 599 l'erts,
653 570 711 599 Sia,
737 571 912 601 aligerissen.
938 573 973 596 im
999 570 1074 599 Olm.
1100 569 1171 604 Cap.
1198 570 1349 603 Archive.)

1014 717 1087 753 96.

114 785 191 821 Das
213 786 388 821 Olmiuz-er
410 787 549 832 Capite!
566 787 729 831 lteslu‘lifs!
749 789 811 821 deu
833 787 989 821 Mic-leuel
1010 800 1072 820 rou
1097 786 1231 820 Olmiilz·
1261 799 1333 820 zum
1355 787 1550 821 Altaristen
1573 788 1633 821 des
1654 787 1705 821 St.
1730 788 1988 833 Maydalenen-

408 849 552 883 Anares
582 851 613 882 iu
642 850 704 882 der
736 848 909 882 Olmutzer
940 848 1080 882 h'i'rclee.
1114 848 1172 882 Dt.
1208 846 1352 882 Olmiitz.
1385 848 1417 882 1.
1449 848 1551 882 illarz-
1584 849 1691 884 1401.

253 908 343 963 ⁴xos
372 929 550 975 capitulum
581 928 728 961 ecclesie
749 927 985 961 Olomucensis
1006 921 1265 962 notumfacimus
1295 933 1412 962 tenore
1432 931 1646 974 presencium
1679 932 1857 963 universis.
1890 928 1985 971 Quod

110 988 152 1024 ad
189 993 482 1036 presentacionem
525 994 555 1023 et
599 993 800 1035 peticionem
841 988 1047 1023 honorabilis
1085 992 1148 1022 viri
1188 989 1311 1023 domini
1343 989 1431 1023 Luce
1461 990 1502 1023 de
1531 989 1628 1023 Nova
1659 988 1803 1024 Civitatc
1833 995 1986 1037 perpetui

110 1053 228 1085 vicarii
257 1061 297 1084 ac
326 1055 403 1084 tunc
441 1049 670 1084 ebdomadarii
706 1053 841 1084 maioris
877 1054 979 1084 misse
1017 1049 1163 1083 ecclesie
1193 1049 1430 1084 Olomucensis
1469 1051 1618 1096 predicte
1656 1051 1837 1085 discretum
1866 1055 1986 1086 ‘virum

110 1111 280 1146 dominum
308 1111 509 1146 michaelem
541 1111 777 1157 presbyterum
806 1111 847 1145 de
877 1111 1052 1146 olomucz.
1088 1111 1348 1157 prebendarium
1388 1113 1475 1146 dicte
1513 1113 1658 1146 ecclesie
1688 1112 1924 1147 Olomucensis
1956 1117 1986 1148 in

109 1173 212 1207 etad
239 1172 347 1207 altare
375 1177 491 1207 sancte
520 1171 627 1206 Marie
661 1172 877 1217 Magdalene.
918 1176 949 1206 in
987 1172 1110 1207 ambitu
1150 1172 1280 1218 prefate
1318 1173 1464 1207 ecclesie
1501 1173 1737 1208 Olomucensis
1777 1180 1925 1209 erectum
1957 1180 1988 1209 et

108 1233 294 1275 fundatum,
323 1245 384 1281 per
420 1237 676 1268 assecucioneni
715 1234 851 1267 alterius
890 1233 1043 1268 beneficii
1081 1233 1216 1268 discreti
1256 1238 1318 1268 viri
1348 1234 1471 1268 domini
1502 1234 1630 1268 Nicotai
1661 1235 1736 1269 dicti
1768 1236 1914 1270 Brawda
1946 1237 1987 1271 ad

108 1305 249 1341 praeens
278 1306 405 1329 vacans
434 1295 537 1329 ultimi
568 1299 599 1329 et
630 1295 809 1329 immediati
842 1299 944 1340 ipsius
974 1295 1089 1329 altaris
1119 1299 1262 1329 rectoris
1283 1300 1314 1329 et
1335 1299 1488 1339 ministri,
1520 1299 1548 1329 in
1571 1307 1636 1342 quo
1658 1297 1808 1343 prefatus
1829 1297 1983 1332 dominus

84 1370 87 1373 ·
107 1355 216 1391 Lucas
244 1360 322 1391 tunc
352 1359 490 1390 racione
510 1355 611 1390 officii
632 1355 860 1389 ebdomadarii
887 1358 943 1400 jus
966 1355 1180 1402 presentandi
1203 1356 1408 1391 noscebatur
1427 1356 1592 1392 obtinere.
1619 1359 1715 1401 juxta
1747 1362 1775 1391 et
1800 1359 1983 1392 secundum

108 1420 277 1463 antiquam
307 1417 583 1452 consuetudinem
614 1416 812 1451 laudabilem
849 1422 880 1450 et
912 1420 1129 1463 prescriptam
1161 1418 1306 1451 ecclesie
1346 1422 1459 1452 nostre
1490 1418 1726 1453 Olomucensis
1755 1422 1786 1452 in
1816 1424 1984 1453 rectorem

107 1478 291 1524 legitimum
321 1478 398 1512 dicti
427 1478 541 1512 altaris
571 1481 770 1512 instituimus
800 1483 830 1510 et
863 1482 1060 1514 ministrum.
1090 1478 1151 1512 sibi
1190 1490 1304 1513 curam
1340 1484 1372 1512 et
1401 1479 1731 1514 administracionem
1762 1481 1982 1526 spiritualium

107 1543 140 1574 et
169 1539 400 1587 temporalium
431 1543 462 1574 in
491 1539 543 1573 dei
575 1543 708 1576 nomine
738 1543 996 1574 committentes.
1029 1539 1068 1573 Et
1100 1540 1295 1573 mandamus
1325 1539 1385 1574 sibi
1416 1540 1457 1574 de
1487 1539 1650 1574 fructibus
1681 1540 1865 1575 redditibus
1895 1553 1984 1587 pro—

107 1599 265 1636 ventibus
289 1599 422 1646 J'uribus
450 1606 482 1635 et
511 1600 778 1635 obvencionibus
808 1600 885 1634 dicti
921 1601 1036 1634 altaris
1066 1601 1276 1645 integraliter
1305 1604 1474 1635 universis
1504 1602 1713 1648 responderi.
1773 1602 1807 1636 ln
1838 1614 1982 1648 quorum

106 1665 254 1697 omnium
297 1667 330 1697 et
371 1662 578 1707 singulorum
622 1665 847 1697 testimonium
892 1665 1134 1708 premissorum
1179 1662 1326 1707 sigillum
1370 1663 1502 1709 capituli
1545 1667 1649 1697 nostri
1689 1662 1904 1709 presentibus
1934 1668 1983 1697 est

106 1734 303 1770 appensum.
359 1722 479 1758 Datum
511 1723 673 1757 Olomucz
717 1727 747 1758 in
791 1724 937 1769 capitulo
982 1728 1109 1758 nostro.
1153 1734 1240 1758 anno
1278 1724 1401 1758 domini
1430 1721 1616 1758 MOCCCC0
1644 1727 1763 1770 primo.
1795 1724 1847 1758 die
1876 1727 1982 1770 prima

107 1787 233 1819 mensis
259 1783 389 1819 Marcii.

420 1855 511 1889 (Oria.
539 1856 620 1886 Pera.
647 1856 674 1884 h,
700 1856 758 1884 Sia-r,
784 1856 819 1880 im
846 1855 920 1883 (ῐΙιιι,
946 1855 1015 1888 (ἕῳ.
1044 1853 1192 1892 Arcluive.)

1006 2001 1080 2036 97.

159 2070 266 2117 Papsl
296 2071 445 2117 Bonisaz-
475 2071 537 2106 IX.
568 2075 733 2115 qealallet
762 2073 823 2105 deu
856 2072 999 2105 ⁷Ymmen
1032 2073 1062 2104 iu
1085 2071 1266 2106 Pastimer’.
1297 2074 1379 2106 dass
1400 2074 1485 2117 jede
1517 2073 1695 2106 ‹lm-selben
1725 2073 1796 2106 sicle
1829 2075 1925 2106 einen

472 2132 698 2167 BeIelelrah’r
727 2133 900 2167 erit-alelen
930 2133 1053 2166 Itomae.
1087 2132 1144 2166 Dt.
1178 2133 1276 2169 Rom.
1309 2134 1340 2167 7.
1375 2134 1475 2168 Μαι-ζ-
1510 2134 1617 2168 l-wl.

245 2192 458 2247 Bonilacius
487 2216 666 2259 episcopus
705 2223 825 2246 servus
863 2223 1040 2245 servorum
1080 2211 1131 2245 dei
1171 2212 1299 2247 dilectis
1333 2217 1364 2247 in
1403 2214 1536 2248 Christo
1576 2213 1702 2247 lilialius
1735 2240 1740 2245 .
1774 2242 1778 2245 .
1811 2212 1978 2246 abbatisse

103 2277 137 2307 et
164 2276 346 2308 conventui
376 2277 568 2308 monasterii
600 2285 630 2307 in
661 2272 803 2307 l'ustmir
831 2273 957 2307 ordinis
993 2276 1098 2306 sancti
1130 2273 1299 2308 Benedicti
1332 2276 1568 2309 (llomucensis
1598 2276 1743 2309 diocesis
1775 2274 1914 2307 salutem
1947 2279 1977 2306 et

102 2334 322 2381 apostolicam
353 2333 642 2369 benediccionem.
700 2334 853 2380 Benigno
893 2338 968 2367 sunt
1010 2333 1106 2367 vobis
1135 2335 1188 2369 illa
1219 2337 1434 2370 concedenda
1467 2337 1596 2370 favore.
1629 2348 1687 2382 per
1716 2347 1780 2381 que
1810 2338 1892 2368 sicut
1923 2338 1976 2380 pie

102 2394 298 2430 desiderare
327 2395 498 2431 videmini.
537 2399 751 2429 consciencie
790 2407 906 2442 pacem
950 2400 980 2427 et
1020 2395 1160 2429 salutem
1199 2400 1310 2430 anime
1348 2398 1411 2430 deo
1448 2401 1597 2443 propicio
1628 2399 1789 2441 consequi
1822 2396 1972 2429 valeatis.

101 2454 187 2490 Hinc
215 2460 277 2499 est!
307 2456 394 2502 quod
426 2468 486 2490 nos
516 2460 639 2490 vestris
669 2457 801 2490 devotis
830 2455 1141 2503 supplicacionibus
1173 2457 1317 2492 inclinati
1339 2458 1435 2492 vobis
1465 2463 1494 2491 et
1526 2457 1784 2491 socca—dentilms
1815 2456 1911 2489 vobis
1945 2460 1974 2490 in

101 2520 307 2551 monasterio
345 2521 459 2551 vestro
497 2520 696 2551 auctoritate
734 2518 918 2564 apostolica
960 2517 1183 2561 induli-remus.
1221 2523 1251 2552 ut
1291 2519 1435 2564 quelibet
1473 2525 1620 2552 vestrum
1652 2524 1682 2552 et
1713 2517 1973 2552 succedencium

101 2577 284 2611 earundem
314 2578 457 2623 aliquem
494 2578 647 2612 idoneum
686 2583 717 2611 et
756 2578 937 2611 discretum
979 2577 1200 2623 presbiterum
1240 2581 1433 2618 religiosum
1474 2586 1526 2613 aut
1564 2580 1763 2613 secularem.
1804 2579 1973 2612 diocesani

100 2637 164 2672 loci
193 2638 248 2672 vel
278 2642 507 2684 cuiuscunque,
537 2639 673 2672 ulterius
713 2639 850 2673 licencia
892 2643 1026 2672 mimme
1058 2642 1218 2684 requisiti:
1250 2643 1279 2674 in
1311 2652 1404 2674 suum
1437 2647 1536 2686 possit
1569 2642 1697 2685 eligere
1727 2640 1972 2673 consessorem.

100 2701 156 2745 qui
185 2702 346 2744 quociens
377 2699 476 2732 vobis
506 2699 603 2733 fuerit
633 2704 832 2745 oportunum
864 2700 1098 2733 consessiones
1124 2704 1256 2734 vestras
1284 2700 1392 2734 audiat
1424 2706 1452 2732 et
1485 2700 1755 2735 confessionibus
1786 2699 1972 2733 huiusmodi

102 2758 280 2805 diligenter
308 2759 427 2793 auditis
457 2771 517 2805 pro
547 2759 799 2805 quibuscunque
835 2765 992 2806 peccatis.
1032 2771 1095 2805 que
1131 2761 1380 2795 confitebimini.
1422 2767 1620 2796 auctoritate
1651 2764 1798 2809 predicta
1830 2760 1971 2793 debitam

1822 2829 1865 2852 Η·
