2347 3153
0 1351 4 1356 ·
0 1326 7 1338 π
3 1289 10 1311 ..
0 1258 9 1275 u
0 1108 14 1241 ‘Qu-v.
0 727 18 1092 ..θωπί-’ψη

999 203 1073 236 ⁹79

97 307 418 352 kersebomiensisi.
457 308 669 342 decretorum
709 308 860 345 doctore,
901 308 1024 341 domiui
1064 310 1167 341 nostri
1208 318 1293 352 pape
1332 306 1507 352 capellano
1546 309 1685 351 eiusque
1724 318 1761 339 ac
1792 311 1966 341 camerarii

99 371 203 415 ipsius
226 373 256 402 et
278 379 453 402 causarum
484 371 577 402 curie
597 364 953 414 apostolice'auditore
973 367 1125 412 generali
1147 368 1338 414 specialiter
1359 368 1524 413 deputatis
1547 367 1730 401 venerabili
1751 379 1819 413 cap
1833 369 1944 401 11111111.
1962 397 1966 401 .

99 429 243 467 decano,
281 428 531 463 archidiacono.
571 429 711 463 custodi.
747 430 938 464 scolastico.
978 431 1162 462 canonicis.
1205 431 1352 462 vicariis.
1393 428 1551 462 altaristis
1580 429 1789 473 singulisque
1819 433 1971 474 personis

103 490 249 524 ecclesie
278 489 514 523 Oloniucensis
542 490 681 535 aliisque
702 492 870 524 universis
901 488 1188 536 procuratoribus.
1218 489 1453 524 directoribus.
1485 489 1624 523 colonis.
1670 489 1908 523 reddituariis.
1935 518 1940 522 .
1966 518 1971 523 .

106 561 167 585 seu
195 554 428 584 canonicatum
459 555 490 584 et
520 550 737 596 prehendam.
767 562 851 596 quos
873 549 1079 584 honorabilis
1100 550 1255 584 dominus
1275 549 1448 584 ,lohannes
1470 549 1647 584 Malessicz
1668 553 1698 583 in
1720 550 1804 583 dicta
1827 550 1971 584 ecclesia

106 611 322 647 Olomucensi
353 611 478 646 obtinet
517 611 763 657 quomodolibet
803 616 985 658 pertinen.
1011 640 1017 646 .
1042 640 1048 645 .
1080 623 1138 645 seu
1169 611 1401 645 obedienciam
1442 614 1610 657 preposito
1641 611 1791 644 eiusdem
1822 610 1973 645 «lantibus

105 678 166 706 et.
190 700 197 706 .
220 700 227 706 .
257 677 290 706 et
320 672 482 707 mandatis
519 676 642 707 nostris
671 676 736 707 imo
767 676 881 707 verius
911 674 1114 719 apostolocis
1150 672 1288 706 tirmiter
1317 672 1468 709 obedire,
1501 672 1613 706 literas
1655 675 1821 718 sequestri
1853 672 1970 718 prefati

105 732 382 768 reverendissimi
421 736 523 779 patris
560 733 682 767 domini
722 733 850 768 Nicotai
889 734 1051 768 auditoris
1089 745 1225 767 camere
1262 736 1332 766 eius
1372 744 1455 766 vero
1496 733 1605 777 sigillo
1644 733 1792 777 oblongo
1821 733 1862 766 de
1893 744 1970 767 cera

107 805 145 828 ru
167 820 174 829 .
198 821 205 828 .
228 823 235 830 .
266 799 298 829 et
328 797 430 828 certis
458 797 639 839 signaturis
670 806 763 828 more
792 806 927 828 camere
957 795 1143 841 apostolice
1173 797 1381 838 consignatis
1412 793 1508 827 uobis
1537 805 1649 827 coram
1682 796 1811 827 notario
1842 793 1973 839 publico

107 860 139 890 et
169 854 308 890 testibus
346 854 522 900 fidedignis
559 858 759 902 presentans
796 867 856 889 nos
895 867 970 889 cum
1010 866 1062 892 ea.
1103 866 1166 900 qua
1205 855 1327 888 decuit.
1368 857 1567 888 reverencia
1600 857 1771 900 recepisse
1810 857 1972 888 noveritis

107 927 190 963 pero
211 943 218 950 .
242 944 248 950 .
273 945 277 949 .
309 916 445 950 domino
474 916 525 950 dei
545 919 661 961 gracia
691 919 851 962 episcopo
881 916 1098 950 olomucensi
1120 928 1159 949 ae
1181 915 1430 949 vem-rabililms
1452 918 1534 949 viris
1556 915 1697 948 dominis
1717 914 1827 948 abbati
1849 926 1971 948 mona-

107 980 201 1012 sterii
231 975 502 1012 Brewnowiens‘i
532 988 636 1023 prope
667 976 807 1021 l'ragam
839 982 868 1010 et
901 977 1055 1011 Jaroslao
1086 978 1126 1010 de.
1148 976 1363 1021 Porziessyn.
1395 976 1606 1010 decretorum
1637 976 1778 1010 doctori.
1809 979 1971 1009 canonico

108 1038 283 1084 Pragensi,
305 1036 390 1072 Nico
411 1065 417 1070 .
435 1065 461 1073 ..
482 1037 677 1084 capellanus
697 1040 834 1083 eiusque
856 1049 894 1071 ae
916 1041 1123 1071 camerarius
1146 1041 1247 1083 ipsius
1270 1042 1299 1070 et
1323 1048 1498 1071 cansarum
1521 1039 1613 1070 curie
1633 1048 1767 1070 camere
1788 1037 1971 1082 apostolice

105 1098 275 1145 generalis
310 1098 443 1132 auditor
476 1098 615 1132 salutem
655 1102 684 1132 in
715 1099 859 1132 domino.
901 1099 987 1132 (111111
1019 1110 1061 1132 ex
1091 1099 1307 1132 consessione
1339 1101 1471 1144 propria
1503 1097 1710 1131 dominorum
1741 1096 1903 1131 Joliauuis
1933 1097 1974 1131 de

107 1159 261 1195 Mat...
292 1159 512 1206 parrochialis
554 1159 698 1193 ecclesie
742 1162 772 1193 in
810 1159 964 1205 Znoyma
997 1159 1236 1193 (llomucensis
1279 1159 1424 1192 dioceSis
1467 1170 1505 1192 ac
1541 1161 1646 1192 eciam
1686 1169 1728 1192 ex
1759 1158 1973 1192 consessione

108 1222 243 1256 discreti
273 1224 336 1255 viri
367 1223 517 1266 magistri
545 1220 709 1254 Johannis
738 1221 779 1253 de
802 1220 890 1254 Loen
921 1224 1014 1254 curie
1036 1232 1172 1254 camere
1193 1220 1377 1266 apostolice
1399 1211 1517 1253 notarii
1540 1222 1767 1265 procuratoris
1789 1223 1819 1252 et
1842 1222 1975 1252 nomine

107 1285 369 1329 procuratorio.
394 1310 400 1315 .
424 1309 463 1316 ..
501 1281 654 1316 officialis
689 1281 880 1325 l'ragensis.
924 1281 1078 1314 Zawissn
1116 1280 1157 1314 de
1191 1280 1272 1326 Zap.
1318 1283 1459 1314 rectoris
1503 1279 1721 1325 parrochialis
1765 1279 1910 1313 ecclesie
1946 1282 1975 1313 in

111 1342 286 1378 Prachticz
328 1342 509 1389 Pragensis
558 1342 715 1377 diocesis.
769 1342 897 1377 Nicolai
949 1341 1068 1376 Zisska
1121 1344 1265 1375 rectoris
1318 1341 1539 1387 parrochialis
1590 1341 1735 1375 ecclesie
1783 1343 1812 1374 in
1858 1339 1976 1374 lx'loliot

108 1404 196 1439 dicte
233 1403 412 1449 Pragensis
450 1404 594 1439 diocesis
622 1403 729 1437 J...
763 1403 942 1448 l'ragensis
982 1408 1011 1435 et
1047 1402 1199 1436 Mauricii
1235 1402 1334 1435 Casei
1372 1401 1599 1436 archidiaconi
1635 1401 1906 1435 Zaclimariensis
1945 1405 1974 1435 in

109 1465 253 1500 ecclesia
283 1464 559 1500 Transilvanensi
590 1465 685 1499 lactis
715 1468 744 1498 in
763 1464 889 1508 judicio
906 1476 1019 1498 coram
1038 1463 1133 1498 nohis
1149 1463 1449 1497 condemnavimus
1467 1463 1603 1497 eosdem
1621 1462 1774 1496 dominos
1789 1462 1976 1496 ,Iohannem

109 1527 150 1561 de
179 1525 369 1568 Malessicz‚
404 1524 486 1559 Com
509 1553 516 1559 .
540 1553 546 1559 .
629 1524 816 1559 Johannem
854 1526 894 1559 de
935 1525 1028 1559 Duba
1067 1531 1096 1558 et
1137 1524 1334 1559 Mauricium
1372 1527 1401 1558 in
1439 1523 1568 1558 duobus
1607 1523 1735 1557 milibus
1774 1526 1975 1566 octingentis

106 1587 235 1622 ducatis
263 1590 333 1621 auri
362 1586 480 1621 dandis
509 1591 540 1620 ct
570 1586 743 1620 solvendis
775 1585 961 1620 honorabili
985 1589 1058 1619 viro
1089 1585 1214 1629 l'igello
1236 1585 1277 1618 de
1308 1585 1501 1618 l'ortinariis
1531 1588 1708 1618 mercatori
1739 1585 1779 1617 de
1803 1584 1976 1618 Fini-encta

107 1647 215 1683 Rome
237 1676 244 1682 .
269 1675 275 1682 .
298 1676 306 1682 .
335 1658 420 1685 sum,
450 1650 482 1681 in
511 1647 629 1693 quihus
658 1658 693 1681 se
722 1647 800 1681 olim
832 1647 950 1693 prefati
974 1646 1098 1679 11111111111
1121 1657 1261 1679 unacum
1286 1645 1535 1679 venerabililuis
1557 1648 1637 1679 viris
1658 1646 1800 1679 dominis
1822 1646 1972 1690 Symoue

106 1710 149 1745 de
194 1708 332 1743 Perusio
374 1709 540 1742 advocato
582 1709 820 1743 consistoriali.
865 1708 1019 1741 Johanne
1059 1706 1216 1753 Sophista
1257 1710 1420 1740 canonico
1461 1706 1632 1751 l‘ragensi.
1678 1706 1883 1740 Wenceslao
1907 1734 1911 1739 .
1935 1734 1972 1741 ..

109 1771 264 1806 Johanne
292 1769 511 1805 Tremosnicz
550 1760 732 1804 litterarum
772 1769 1030 1815 apostolicarum
1072 1772 1237 1813 scriptore
1277 1773 1305 1800 et
1339 1767 1479 1801 Nicolao
1510 1766 1658 1801 llensliui
1690 1772 1821 1800 rectore
1852 1778 1973 1812 parro-

112 1832 232 1867 chialis
270 1831 416 1866 ecclesie
455 1834 485 1865 in
516 1830 649 1865 Budecz
679 1830 859 1875 Pragensis
890 1830 1035 1863 diocesis
1066 1829 1276 1862 lideiussorio
1307 1831 1440 1862 nomine
1474 1828 1559 1861 bone
1589 1831 1776 1861 memorie.
1803 1857 1806 1860 .
1834 1855 1838 1860 .
1871 1830 1976 1861 eciam

111 1898 145 1927 ut
175 1892 377 1940 principales
404 1891 574 1926 debitores
604 1891 788 1925 honorabili
821 1895 894 1924 viro
921 1890 1073 1923 (iabiono
1103 1890 1143 1922 de.
1165 1889 1346 1922 Gozadmis
1369 1892 1546 1922 mercatori
1568 1889 1608 1922 de
1631 1888 1778 1922 Bononia
1809 1900 1850 1922 ex
1873 1900 1972 1921 causa

111 1954 260 1999 legitima
289 1952 479 1998 obligarunt
517 1957 547 1986 et
586 1963 671 1987 nunc
708 1957 781 1986 sunt
813 1951 964 1998 predicto
996 1950 1121 1988 l’iggello
1151 1961 1192 1983 ex
1224 1961 1324 1983 eausa
1356 1962 1396 1982 co
1419 1977 1424 1982 .
1450 1977 1455 1982 .
1481 1977 1486 1983 .
1518 1949 1701 1983 esticaciter
1731 1949 1877 1990 obligati.
1938 1948 1973 1982 tii

111 2018 258 2062 ipsorum
287 2014 497 2048 dominorum
527 2012 689 2047 Johannis
721 2013 897 2047 Mali-ssicz
935 2024 973 2045 ac
1005 2011 1149 2044 t'onradi
1180 2015 1210 2043 et
1243 2013 1391 2047 numistrl
1422 2010 1585 2044 joliannis
1615 2011 1654 2043 de
1686 2010 1773 2043 [111-11
1806 2021 1973 2056 procura-

112 2077 194 2110 toris
221 2074 405 2109 accedente
425 2086 594 2108 consensu
615 2074 883 2108 submitteneinm
911 2086 947 2106 se
970 2084 1059 2118 ipsos
1090 2077 1119 2103 et
1151 2070 1239 2105 debit
1264 2099 1268 2104 .
1295 2099 1300 2104 .
1325 2099 1330 2104 .
1363 2076 1541 2117 propterea
1573 2071 1717 2104 totaliter
1747 2075 1775 2104 in
1807 2070 1977 2103 debitores

113 2138 365 2183 prenominatos
401 2139 525 2170 extunc
563 2139 593 2169 in
631 2139 763 2181 scriptis
803 2135 1171 2168 exetinnuunicaeimiis
1208 2135 1414 2166 sentenciam
1448 2132 1746 2178 promulgavimus.
1776 2135 1801 2164 si
1839 2135 1868 2164 in
1900 2131 1976 2164 dieti

114 2196 215 2232 debiti
235 2197 375 2231 duorum
397 2197 521 2231 milium
551 2200 820 2234 octium-ntorum
842 2197 1037 2229 ducatorum
1069 2205 1139 2226 111111
1163 2220 1168 2226 .
1194 2221 1199 2226 .
1225 2220 1231 2225 .
1263 2192 1399 2226 licerent
1433 2193 1584 2226 facienda
1616 2195 1744 2232 integre
1775 2195 1804 2225 iu
1836 2194 1976 2224 termino

112 2261 304 2291 constituto.
354 2255 391 2291 Et
422 2260 497 2302 quia
526 2257 695 2291 debitores
725 2258 862 2303 predicti
895 2269 923 2289 111
955 2256 1127 2288 solucione
1158 2253 1257 2287 111-11111
1290 2254 1441 2299 predicti.
1473 2258 1503 2286 ut
1535 2253 1760 2286 asserebatur.
1793 2258 1978 2286 cessarunt.

112 2328 175 2352 nos
202 2317 335 2351 auditor
363 2317 512 2363 prefatus
540 2318 580 2351 ad
611 2318 725 2363 predic
748 2346 753 2351 .
778 2346 784 2351 .
809 2347 813 2350 .
848 2329 906 2363 per
946 2321 1077 2350 nostras
1107 2318 1188 2348 certi
1221 2317 1346 2348 tenoris·
1377 2315 1489 2348 literas
1519 2314 1682 2360 speciales
1713 2318 1743 2347 in
1773 2313 1977 2347 auda-nicia*

111 2377 241 2425 publica
270 2378 440 2412 literarum
470 2378 750 2412 contradictarum
781 2380 904 2411 11111111111
936 2382 1038 2410 nostri
1071 2387 1166 2421 pape.
1198 2380 1228 2408 ut
1252 2379 1353 2408 moris
1383 2380 1444 2409 est.
1475 2378 1567 2408 citari
1591 2375 1730 2407 111-1111115
1752 2378 1977 2420 peremptorii·

109 2443 142 2473 et
171 2441 308 2485 requiri.
348 2444 380 2472 ut
411 2438 496 2473 infra
533 2444 660 2472 certum
691 2444 906 2482 termimum)
931 2466 935 2471 .
961 2465 967 2471 .
992 2466 997 2471 ,
1031 2441 1114 2470 rent.
1147 2436 1303 2481 quidquid
1336 2436 1470 2470 vellent.
1502 2448 1613 2469 eoram
1646 2435 1750 2469 nobis.
1781 2447 1884 2480 quare
1915 2446 1977 2468 non

110 2498 277 2534 dehebant
306 2498 349 2532 oh
378 2510 512 2533 emisam
544 2500 723 2545 predictam
755 2502 1039 2533 exeommunicati
1072 2497 1203 2543 publice
1233 2498 1460 2532 111·1111111·1·1111·1.
1502 2496 1537 2530 lit
1569 2508 1641 2529 eum
1674 2496 1736 2529 11111·
1771 2497 1883 2529 l'aeere
1915 2507 1978 2529 nou

112 2564 288 2594 curassent
317 2559 487 2593 debitores
517 2560 664 2606 prefatos
694 2572 752 2606 per
781 2561 822 2593 ati
847 2589 850 2592 .
877 2588 881 2593 .
946 2565 974 2590 1-1
1009 2558 1239 2591 inaudzn'imus
1270 2561 1299 2591 iu
1331 2557 1478 2603 partibus
1509 2559 1817 2590 exeomnnuiieatos
1849 2556 1977 2601 1111111111·

114 2621 342 2655 denonccinri.
401 2621 524 2662 Quare.
569 2632 642 2655 cuin
686 2626 986 2654 exconmunis-ntis
1031 2624 1091 2652 sint
1136 2623 1319 2663 proventus
1357 2619 1577 2651 ecclesiastici
1617 2616 1843 2650 subtrahendi.
1885 2616 1979 2649 votus

121 2680 257 2716 domino
287 2686 446 2727 episcopo
476 2682 690 2715 (llomuceusi
720 2687 751 2714 et
783 2681 877 2714 iobis
901 2708 906 2713 .
931 2708 936 2713 .
962 2708 966 2712 .
1000 2680 1106 2712 littere
1137 2679 1335 2718 statuuntur.
1369 2679 1578 2724 presentibus
1600 2683 1716 2711 tenore
1745 2681 1979 2712 ‹wnnnu'nnu›
