2347 3153
1039 225 1079 258 ol

123 328 339 363 Olomucensi
371 328 521 375 predicto
552 328 593 362 ob
624 332 858 362 reverenciam
881 334 996 363 vestre
1028 330 1229 376 pontificalis
1259 330 1428 374 dignitatis
1453 330 1672 364 del'eremlum
1696 331 1850 365 duximus
1883 335 1912 366 iu
1944 333 2006 366 hac

119 394 224 436 parte.
243 392 270 423 si
292 394 408 423 contra
432 393 594 435 premissa
617 389 670 424 vel
692 389 826 435 aliq'uod
847 393 1091 436 premissorum
1115 391 1264 424 feceritis
1286 402 1347 436 pei·
1366 402 1428 425 vos
1449 392 1503 424 vel
1525 391 1725 426 submissam
1751 404 1928 438 personam
1952 394 2004 427 vel

118 462 282 498 personas
321 462 359 485 ac
397 450 643 485 monicionibus
686 456 718 485 et
758 451 922 486 mandatis
958 463 997 485 ac
1036 451 1297 486 inhibicionibus
1338 456 1461 487 nostris
1501 453 1671 499 predictis.
1712 458 1807 499 prom
1849 458 2004 500 superius

118 523 319 562 expressum
350 517 412 548 est.
443 524 508 546 nou
541 515 719 558 parueritis
749 524 823 546 cum
856 512 989 548 effectu.
1021 513 1107 547 dicta
1138 513 1328 559 quindecim
1361 514 1489 548 dierum
1512 518 1675 548 canonica
1698 518 1889 549 monicioue
1920 527 2003 561 pre-

119 577 232 609 missa.
264 576 455 619 ingressum
487 574 632 608 ecclesie
661 574 892 608 interdicimus
922 577 952 608 in
984 573 1047 608 hiis
1077 577 1220 621 scriptis.
1282 576 1317 609 Si
1355 587 1439 610 vero
1479 576 1675 612 huiusmodi.
1700 576 1912 610 interdictum
1945 589 2005 623 per

119 634 194 671 XV.
226 635 310 670 dics.
343 635 492 681 prefatos
522 636 712 681 quindecim
743 635 933 669 immediate
963 641 1146 681 sequentes
1175 640 1401 671 sustinueritis
1423 649 1485 671 vos
1506 638 1602 671 simili
1626 641 1817 672 municione
1841 642 2003 684 premissa

119 700 151 731 in
181 695 244 731 hiis
274 699 408 742 scriptis
439 696 677 742 suspendimus
707 708 724 730 a
755 697 889 731 divinis.
920 696 1048 731 Verum
1079 700 1106 731 si
1137 698 1286 743 prefatas
1316 699 1482 732 interdicti
1505 703 1537 732 ct
1557 702 1790 745 suspensionis
1811 703 2003 734 sentencias

118 769 179 804 per
215 758 298 792 alios
334 758 524 803 quindecim
564 758 647 794 dies.
687 757 836 804 prcl'atos
868 760 1001 801 triginta
1042 758 1113 792 dies
1153 759 1344 793 immediate
1384 765 1578 805 sequentes.
1617 763 1739 797 animo,
1778 761 1865 806 quod
1905 761 2002 797 absit.

107 806 343 855 'sustinueritis
370 819 537 853 indurato.
560 831 623 854 vos
652 830 786 853 exnunc
808 823 904 865 prout
936 824 1060 853 extunc
1082 824 1111 853 ct
1143 824 1269 854 extunc
1300 826 1395 867 prout
1418 832 1567 863 exnunc,
1589 821 1674 855 dicta
1697 824 1860 855 canonica
1884 825 2000 856 moni-

117 883 216 915 cione
247 885 424 928 premissa.
455 884 790 915 excommunicamus
821 883 853 915 in
884 880 946 914 biis
975 883 1121 927 scriptis.
1152 881 1235 915 alias
1266 887 1382 916 contra
1413 894 1475 916 vos
1505 887 1534 916 et
1566 882 1746 928 quemlibet
1777 887 1942 918 vestrum.
1973 887 1999 917 si

118 943 321 990 expedierit.
346 944 482 987 justicia
512 942 676 976 suadente
705 945 845 987 gravius
877 945 1082 988 processuri.
1115 942 1272 977 Ceterum
1304 955 1378 977 cum
1415 943 1453 977 ad
1485 946 1728 977 execuciouem
1760 947 2002 989 premissorum

118 1009 150 1039 et
180 1004 368 1039 huiusmodi
399 1003 544 1038 mandati
575 1004 751 1049 apostolici
789 1008 889 1049 atque
928 1007 1032 1037 nostri
1071 1004 1210 1038 ulterius
1250 1004 1439 1039 faciendam
1477 1017 1684 1050 ampieamus
1721 1006 1828 1050 quoad
1861 1017 2002 1051 presens

118 1065 342 1112 personaliter
381 1068 559 1101 interesse,
598 1065 672 1099 aliis
711 1065 823 1099 arduis
863 1064 940 1098 dicti
978 1068 1172 1099 monasterii
1211 1069 1316 1099 nostri
1355 1069 1507 1111 negociis
1547 1067 1722 1112 prepediti.
1763 1069 1931 1101 universis
1971 1072 2000 1100 et

116 1126 257 1172 singulis
295 1126 438 1160 dominis
477 1125 652 1160 abbatibus
691 1126 857 1172 prioribus
898 1129 1078 1173 prepositis
1115 1127 1252 1161 decanis
1290 1127 1538 1161 archidiaconis
1577 1127 1777 1162 officialibus
1814 1128 2001 1162 scolasticis

88 1183 90 1186 ’
116 1187 312 1222 cantoribus
341 1191 513 1222 canonicis
544 1192 573 1221 ct
607 1190 761 1233 personis
792 1192 855 1233 tam
887 1187 1129 1222 cathedralium
1159 1201 1258 1234 quam
1298 1190 1553 1235 collegiatarum
1595 1201 1725 1223 necnon
1758 1190 1998 1235 parochialium

117 1249 339 1284 ecclesiarum
371 1248 561 1283 rectoribus
593 1248 743 1294 plebanis
774 1248 1004 1295 viceplcbanis
1036 1255 1066 1283 et
1098 1250 1414 1285 locmuteuentibus.
1445 1251 1630 1285 eorundem
1662 1251 1846 1297 capellanis
1876 1255 2001 1285 curatis

116 1315 148 1345 et
177 1322 243 1345 non
274 1313 411 1344 curatiS.
443 1313 616 1356 perpetuis
647 1313 783 1343 vicariis
821 1309 1016 1356 presbiteris
1047 1310 1253 1345 beneficiatis
1284 1312 1518 1346 tabellionibus
1548 1324 1607 1345 seu
1639 1315 1777 1346 notariis
1809 1312 1949 1358 publicis
1970 1318 1998 1345 et

115 1372 188 1407 aliis
218 1372 475 1418 quibuscunque
505 1384 565 1418 pcr
594 1374 749 1405 civitates
779 1377 808 1405 et
841 1371 1000 1405 diocesim
1024 1372 1296 1408 Olomucensem.
1322 1373 1525 1414 l'raffensmu
1550 1374 1784 1407 Pataviensem
1816 1379 1843 1407 et
1869 1374 2000 1408 Lutho—

118 1431 311 1469 mislenscm
341 1445 381 1468 ac
410 1433 492 1467 alias
523 1432 656 1467 ubilibet
688 1436 874 1467 constitutis
905 1438 937 1466 et
966 1433 1099 1467 cuilibet
1120 1445 1235 1468 eorum
1268 1437 1297 1468 in
1328 1435 1469 1469 solidum
1496 1446 1598 1481 super
1618 1435 1767 1469 ulteriori
1790 1439 2000 1470 execucioue

116 1499 282 1543 presentis
312 1495 458 1530 mandati
488 1495 666 1541 apostolici
698 1499 796 1540 atque
827 1497 931 1528 nostri
962 1499 1080 1528 tenore
1109 1499 1322 1541 presencium
1345 1499 1582 1530 committimus
1607 1499 1702 1530 vices
1723 1501 1868 1531 nostras.
1891 1497 1998 1531 donec

115 1568 174 1592 eas
203 1557 244 1592 ad
274 1568 336 1592 nos
367 1557 563 1591 duxerimus
593 1556 818 1591 revocandas.
850 1559 966 1601 cisque
996 1556 1234 1591 nichilominus
1271 1562 1303 1590 et
1341 1557 1472 1591 cuilibet
1513 1560 1659 1603 ipsorum
1691 1561 1915 1592 communiter
1946 1559 1998 1593 vel

115 1619 247 1654 divisim
286 1622 317 1653 in
357 1622 480 1652 virtute
519 1623 635 1652 sancte
675 1618 874 1651 obediencie
911 1622 940 1651 et
980 1616 1041 1650 sub
1077 1621 1446 1653 excommunicaeionis
1486 1630 1581 1665 pena⁷
1627 1630 1723 1664 quani
1770 1622 1799 1653 ia
1838 1623 1929 1666 ipsos
1969 1626 1998 1654 ct

114 1683 262 1727 ipsorum
292 1679 473 1726 quemlibet
505 1683 601 1714 trium
633 1679 762 1713 dierum
793 1681 954 1712 canonica
987 1682 1177 1713 monicionc
1206 1683 1371 1726 premissa
1405 1681 1542 1714 l'erimus
1573 1684 1603 1714 iu
1635 1681 1697 1714 hiis
1727 1684 1873 1727 scriptis.
1891 1685 1917 1715 si
1947 1694 1998 1716 ea.

114 1753 179 1788 que
209 1744 258 1776 cis
286 1744 318 1776 in
349 1741 411 1775 hac
442 1746 536 1787 parte
566 1743 816 1774 committimus.
849 1740 1063 1782 neglexerint
1095 1741 1278 1775 distulerint
1311 1753 1369 1775 seu
1393 1745 1655 1788 contempserint
1687 1747 1739 1775 aut
1767 1742 1852 1776 alter
1881 1754 1997 1776 eorum

115 1802 305 1849 neglexerit
335 1803 496 1837 distulerit
528 1814 586 1836 seu
618 1805 857 1848 contempserit
889 1805 1133 1836 contumaciter
1161 1803 1344 1849 adimplere
1375 1808 1404 1836 et
1438 1804 1602 1837 mandatis
1633 1806 1756 1837 nostris
1787 1807 1852 1837 imo
1884 1807 1998 1838 verius

114 1864 310 1910 apostolicis
349 1875 414 1898 non
453 1866 623 1910 paruerint
664 1875 722 1897 seu
762 1866 906 1909 paruerit
947 1875 1021 1897 cum
1061 1864 1192 1898 ell'cctu.
1252 1864 1412 1898 Districtc
1451 1865 1669 1911 pi·ecipi‹,=nil‹›
1699 1868 1936 1899 committimus
1966 1870 1995 1898 et

115 1925 323 1962 mandamus,
354 1930 518 1971 quatenus
549 1928 610 1971 ipsi
640 1930 818 1958 eteorum
849 1923 997 1970 quilibet.
1036 1928 1089 1971 qui
1129 1937 1189 1971 per
1227 1925 1347 1959 dictam
1387 1925 1590 1960 abbatissam
1631 1931 1662 1959 et
1699 1931 1902 1960 conventum
1943 1931 1994 1959 aut

113 1997 229 2021 earum
275 1990 528 2033 procuratorem
573 1997 632 2020 seu
672 1987 834 2020 sindicum
873 1991 925 2019 aut
967 1991 1093 2020 eertum
1135 1990 1291 2020 nuncium
1332 1987 1452 2020 l'ueriut
1489 1998 1547 2020 seu
1589 1988 1687 2021 l'uerit
1728 1990 1906 2033 requisitus
1937 2000 1995 2022 seu

115 2050 264 2094 requisiti
296 2051 519 2082 communiter
548 2049 602 2082 vel
633 2048 778 2082 divisim.
811 2051 851 2081 ita
884 2053 1005 2081 tamen.
1036 2049 1122 2093 quod
1154 2059 1238 2081 unus
1268 2048 1408 2082 alterum
1441 2060 1505 2082 nou
1534 2053 1705 2094 expectet.
1728 2060 1789 2082 nec
1819 2049 1914 2082 aliter
1935 2061 1995 2094 pro

111 2109 178 2143 alio
207 2120 244 2144 sc
274 2114 428 2145 excuset.
460 2110 544 2143 infra
575 2110 697 2143 dictum
729 2113 825 2143 trium
857 2109 985 2142 dierum
1026 2112 1215 2145 terminum.
1255 2122 1339 2155 quos
1379 2113 1458 2156 ipsis
1495 2115 1527 2143 et
1567 2121 1683 2143 eoi-um
1723 2109 1855 2143 cuilibet
1896 2121 1997 2155 super

113 2169 178 2204 hoc
206 2181 267 2217 pro
297 2173 385 2204 omni
417 2170 582 2204 dilacione
613 2183 651 2204 ac
689 2174 878 2204 municione
919 2173 1080 2204 canonica
1120 2175 1343 2210 assignamus.
1375 2173 1413 2205 ad
1456 2183 1517 2205 vos
1548 2171 1716 2205 dominum
1737 2199 1768 2205 ..
1801 2174 1994 2217 episcopum

112 2231 387 2266 Olomucensem.
418 2235 444 2265 si
476 2243 618 2266 necesse
649 2232 759 2266 suerit.
791 2237 821 2265 et
853 2233 891 2265 ad
924 2235 1129 2277 prepositum
1160 2238 1189 2266 et
1222 2233 1402 2279 capitulum
1440 2233 1586 2267 ecclesie
1617 2236 1720 2266 sancti
1754 2232 1839 2265 l'etri
1870 2244 1995 2278 supra-

112 2292 221 2327 dictos
250 2297 282 2326 et
311 2293 351 2326 ad
383 2293 562 2327 ecclesiam
594 2297 700 2327 sancti
731 2293 848 2326 Jacobi
880 2293 1063 2339 predictam
1095 2305 1279 2340 omnesque
1310 2295 1393 2328 alios
1423 2299 1452 2326 et
1482 2294 1633 2334 singulos
1654 2293 1866 2339 supradictos
1888 2293 1994 2327 alias-

112 2365 176 2400 que
205 2354 370 2388 ecclesias
401 2359 429 2386 et
462 2366 625 2401 personas
655 2367 694 2388 ac
725 2355 796 2389 loca
838 2355 912 2388 alia.
944 2354 985 2387 de
1023 2354 1142 2400 quibus
1171 2356 1358 2401 expediens
1398 2356 1492 2389 luerit
1526 2367 1584 2401 pro
1617 2357 1788 2400 premissis
1819 2359 1851 2387 et¹
1880 2355 1993 2388 inl'ra-

110 2418 244 2462 scriptis
288 2415 432 2450 fideliter
474 2416 682 2462 publicandis
726 2421 755 2449 et
801 2416 1010 2460 exequendis
1050 2417 1272 2461 personaliter
1308 2418 1468 2451 aceedaut
1511 2417 1562 2449 vel
1593 2416 1731 2449 accedat
1763 2420 1792 2449 et
1825 2416 1992 2462 predictas·

110 2476 224 2511 literas
254 2477 458 2523 apostolicas
488 2482 518 2510 ct
550 2476 637 2510 huuc
667 2482 817 2511 nostrum
851 2488 1046 2522 processum
1077 2481 1106 2509 ct
1139 2488 1356 2523 qiiusi.·unque
1378 2481 1562 2523 scripturas
1583 2478 1622 2510 ad
1647 2476 1834 2510 huiusmodi
1857 2488 1991 2510 execu-

108 2539 241 2572 cionem
268 2537 429 2571 facientes
455 2542 486 2571 et
512 2541 914 2584 pertim·ntes.ac‹uuuia
938 2542 968 2570 et
998 2537 1129 2574 sumata
1162 2541 1190 2571 iu
1222 2542 1271 2572 eis
1301 2543 1457 2573 contenta
1489 2551 1527 2571 ac
1559 2538 1654 2571 vobis
1685 2540 1764 2583 ipsis
1793 2542 1822 2570 et
1855 2537 1988 2571 cuilibet

110 2603 260 2632 vestrum
282 2602 505 2632 comnuuiiter
527 2599 579 2632 vet
601 2599 733 2633 divisim
757 2605 785 2631 et
809 2600 892 2633 aliis.
915 2610 1055 2644 quorum
1080 2602 1216 2633 interest
1240 2601 1292 2633 vel
1320 2603 1481 2634 intererit.
1506 2603 1535 2633 iii
1567 2603 1671 2632 sancti
1705 2599 1790 2632 Petri
1823 2604 1851 2631 et
1884 2602 1988 2632 sancti

110 2658 228 2693 Jacobi
258 2660 417 2706 predictis
447 2660 602 2694 ecclesiis
631 2661 686 2693 vel
717 2665 825 2693 extra.
859 2660 922 2693 ubi.
964 2664 992 2692 ut
1026 2663 1237 2706 premittitur.
1270 2662 1456 2707 expediens
1496 2661 1607 2694 l'uerit.
1639 2660 1742 2694 semel
1784 2660 1836 2693 vet
1867 2660 1991 2705 pluries

114 2732 153 2754 ac
183 2724 311 2754 tociens
341 2724 502 2766 quociens
534 2721 631 2755 suerit
662 2727 872 2767 oportumim.
905 2722 1117 2755 denuncient.
1149 2722 1273 2761 legant.
1305 2726 1466 2756 intiment.
1499 2725 1660 2755 insinuent
1693 2726 1722 2753 et
1755 2721 1922 2754 notiticent
1950 2733 1988 2753 ae

1857 2798 1863 2812 d
