2347 3153
1292 223 1377 259 13¹2.

402 329 563 363 heredum
595 341 729 364 suorum
760 334 996 363 inti-omisimus
1026 336 1055 363 et
1087 329 1149 363 hoc
1179 330 1219 362 ad
1248 332 1349 373 ipsius
1379 330 1527 372 magistri
1554 327 1723 360 Francisci
1744 326 2015 371 conplacenciam
2037 326 2255 370 singularem,

401 393 631 436 promittentes
660 390 745 423 bona
775 396 886 423 nostra
916 389 980 423 fide
1007 402 1068 436 pro
1098 389 1192 423 nobis
1222 388 1401 422 heredibus
1431 392 1462 420 et
1490 385 1744 421 successoribus
1773 389 1895 419 nostris
1916 386 2045 420 civibus
2067 391 2097 420 et
2119 388 2255 420 civitate

400 451 507 484 medie
538 454 639 496 partis
669 454 698 484 in
729 450 841 484 Ticzin
872 451 993 484 dictum
1025 462 1161 484 censum
1192 449 1221 484 X
1263 459 1448 481 marcarum
1479 448 1618 492 singulis
1647 450 1742 480 annis
1771 449 1802 479 in
1832 449 1982 480 terminis
2011 449 2195 492 prenotatis
2216 449 2261 488 ei.

399 522 457 544 sen
488 514 541 555 qui
571 511 634 545 boc
665 511 838 545 habuerint
869 515 900 545 in
930 512 1105 545 mandatis.
1137 514 1332 556 presentare
1362 512 1392 542 in
1422 508 1582 541 olomucz
1611 507 1672 541 sub
1702 513 1816 542 nostro
1846 508 1996 553 periculo
2026 512 2057 541 et
2087 510 2258 553 expensis.

401 571 435 604 ln
464 582 528 616 quo
558 575 584 605 si
615 572 826 616 negligentes
856 575 1094 605 inveniremur.
1126 576 1247 604 extunc
1277 573 1326 603 cis
1357 569 1486 614 plenam
1517 568 1706 602 facultatem
1737 569 1930 613 elargimur.
1953 579 2013 602 nos
2042 571 2074 601 in
2103 570 2258 613 personis

401 636 431 664 et
462 631 562 665 rebus
591 632 777 666 arrestandi
801 632 1040 675 jurisdiccione
1069 632 1229 677 spirituali
1261 635 1314 663 aut
1343 629 1485 663 seculari
1515 640 1574 663 seu
1596 634 1738 674 utroque
1765 629 1864 663 modo
1894 634 1958 662 tam
1989 628 2056 664 diu.
2085 638 2260 674 quosuque

402 695 651 737 prenominatus
680 704 800 726 census
821 704 894 726 cum
915 693 1054 736 singulis
1075 693 1227 737 dampnis
1248 690 1495 725 racionabiliter
1515 690 1749 724 demonstratis
1770 689 1870 723 fuerit
1890 690 2079 735 persolutus
2099 692 2259 734 integra-

402 752 484 785 liter.
516 752 550 786 In
581 764 719 797 quorum
749 763 892 786 omnium
924 757 954 785 et
984 752 1191 795 singulorum
1222 754 1444 785 testimonium
1474 755 1505 783 et
1534 750 1638 783 robur
1666 753 1906 796 premissorum
1936 749 2046 794 sigilla
2074 753 2188 783 nostra
2218 749 2260 782 de

400 817 490 846 certa
522 816 665 845 sciencia
696 818 725 845 et
757 813 927 846 voluntate
958 812 1166 858 presentibus
1195 817 1269 845 sunt
1299 822 1456 857 appensa.
1494 811 1614 844 Datum
1644 813 1675 844 in
1705 813 1843 844 civitate
1873 809 1988 844 Ticzin
2017 820 2105 844 anno
2135 809 2258 843 domini

401 872 577 906 millesimo
607 873 936 917 ‹piadringentcsimo
968 876 1074 918 primo
1103 873 1155 905 die
1186 872 1362 918 penultima
1394 875 1517 905 mensis
1545 871 1636 905 Julii.

711 944 804 970 itti-ig.
832 945 912 970 l’erg,
938 944 982 968 <lie
1007 945 1022 970 Τ
1050 944 1107 970 ,ἥν-ν,
1132 943 1295 977 :iligerisscn
1322 944 1356 968 im
1383 943 1457 971 olm,
1481 944 1552 976 Cap,
1578 942 1681 975 Arc-h.)

1288 1089 1390 1124 126.

405 1157 553 1202 Bis-cleos
575 1158 711 1191 Jolmuu
744 1171 805 1190 con
838 1158 1056 1192 Lcilmm'scltl
1082 1160 1190 1202 slt'sfe!
1219 1160 1250 1191 iu
1281 1159 1342 1192 det·
1373 1158 1632 1192 li'loslerlfirclee
1661 1159 1722 1192 (l'er
1742 1159 1954 1201 Aetyetsliner
1979 1159 2011 1191 in
2042 1156 2264 1191 Leilonn'sclzl

928 1221 1003 1252 cine
1033 1219 1244 1252 frustum-sse.
1276 1219 1334 1252 Dt.
1368 1219 1424 1252 17.
1455 1220 1590 1262 Auffllsl
1623 1218 1730 1252 lsml.

558 1277 750 1330 Johannes
771 1299 821 1330 dei
843 1298 893 1330 dei
915 1298 1097 1342 apostolice
1118 1299 1206 1331 sedis
1227 1301 1340 1342 gracia
1363 1300 1540 1343 episcopus
1562 1298 1851 1343 Luthomyslensis
1873 1302 1986 1331 notum
2009 1297 2149 1331 facimus
2180 1300 2261 1331 uni-

403 1361 513 1390 versis
542 1362 658 1391 tenore
689 1361 896 1403 presencium
928 1361 1137 1403 inspecturis.
1168 1358 1262 1398 Quod
1295 1362 1355 1391 etsi
1387 1358 1520 1392 celestis
1543 1359 1808 1404 dispensacionis
1829 1370 1872 1392 ex
1894 1357 2112 1403 providencia
2134 1357 2175 1392 ad
2201 1358 2266 1392 hoc

403 1418 477 1451 licet
517 1418 790 1452 insusticientilms
827 1422 951 1452 meritis
989 1423 1113 1452 nostris
1151 1419 1416 1452 misericorditer
1451 1430 1563 1452 sumus
1599 1422 1744 1453 evocati.
1785 1424 1814 1452 ut
1860 1417 2058 1464 pontificalis
2100 1418 2265 1452 cathedre

402 1478 534 1512 culmini
565 1480 773 1524 presidentes
803 1482 1035 1512 universorum
1067 1479 1161 1513 nobis
1190 1479 1416 1513 subiectorum
1446 1480 1542 1513 saluti
1572 1480 1713 1524 quodam
1744 1492 1787 1513 ex
1818 1479 1929 1513 debito
1959 1484 2134 1513 teneamur
2168 1481 2263 1524 vigi-

403 1538 510 1572 lanter
539 1540 723 1573 intendere.
755 1544 839 1573 inter
868 1545 998 1574 ceteras
1037 1546 1144 1574 tamen
1183 1540 1428 1574 solicitudinum
1467 1552 1565 1574 curas
1605 1541 1656 1574 illa
1695 1540 1790 1574 nobis
1825 1545 1875 1574 est
1911 1543 2083 1586 precipua,
2121 1540 2263 1586 qualiter

403 1599 555 1633 videlicet
587 1599 742 1633 ordinare
774 1604 937 1645 possimus
967 1606 995 1632 et
1028 1602 1216 1646 disponere.
1249 1605 1279 1634 ut
1311 1604 1342 1634 in
1373 1602 1525 1634 ecclesiis
1563 1613 1643 1635 cure
1673 1606 1787 1635 nostre
1817 1601 1975 1635 subiectis
2004 1601 2111 1635 cultus
2139 1601 2192 1635 dei
2221 1601 2263 1634 de

403 1660 456 1693 die
486 1663 515 1693 in
545 1661 630 1693 diem
662 1661 768 1693 valeat
800 1660 933 1693 uberius
964 1662 1124 1706 ampliari.
1174 1662 1264 1695 Sane
1295 1665 1394 1705 igitur
1430 1662 1655 1696 deliberant-es
1689 1667 1717 1695 et
1748 1666 1861 1708 sepius
1890 1663 2110 1696 revolventes
2136 1664 2261 1704 animo.

402 1720 568 1765 quomodo
599 1720 745 1765 predicta
777 1722 906 1754 ell'ectui
939 1725 1128 1767 inancipare
1158 1727 1188 1755 et
1219 1727 1251 1755 ut
1280 1723 1402 1755 exinde
1432 1728 1557 1756 nostre.
1588 1728 1846 1768 nostrorumque
1875 1733 2110 1757 successorum
2132 1721 2263 1756 Lutbo-

405 1782 619 1825 myslensium
650 1784 882 1826 episcoporum
913 1782 1006 1814 saluti
1039 1785 1202 1827 possimus
1232 1784 1412 1816 consulere
1443 1784 1564 1818 utilius.
1602 1785 1742 1817 deducta
1779 1783 1930 1817 crebrius
1970 1786 2089 1818 mentis
2122 1785 2196 1817 acie
2223 1782 2263 1816 ad

404 1845 638 1874 monasterium
677 1842 965 1876 Lanczkroncnse.
1005 1845 1090 1887 qnod
1127 1848 1241 1876 nostre
1281 1843 1547 1889 Lutbmnyslensi
1585 1845 1729 1878 ecclesie
1768 1847 1902 1890 proprie
1942 1847 2182 1878 invisceratum
2225 1855 2266 1878 ac

403 1906 538 1935 mutum.
580 1903 783 1948 plenioriqnc
822 1902 1016 1936 obt-dienen·
1057 1904 1292 1948 obsequiosum
1333 1916 1408 1938 csse
1449 1906 1641 1940 dinoscitur.
1683 1905 1860 1943 diligenter
1889 1904 2138 1951 perpendimus,
2175 1905 2262 1951 quod

405 1973 463 2008 per
494 1962 705 1995 honorabiles
734 1975 772 1995 ac
803 1963 980 2003 religiosos·
1012 1964 1130 1997 iliidem
1163 1968 1252 1997 viros
1275 1965 1448 2009 regulares
1469 1969 1651 1999 canonicos
1672 1967 1803 1999 divinus
1824 1966 1931 1999 cultus
1953 1965 2089 2000 multum
2109 1965 2263 1999 ordinate

403 2023 591 2068 devoteque
621 2027 802 2068 peragitur.
833 2028 896 2056 tani
929 2028 1098 2057 nocturnis
1129 2025 1332 2070 temporibus
1362 2038 1458 2070 quam
1499 2027 1635 2060 diurnis.
1675 2031 1716 2060 ita
1757 2032 1787 2059 ut
1827 2037 1942 2060 corum
1973 2025 2263 2072 contemplacione

404 2084 574 2116 multitudo
604 2087 708 2117 eciam
739 2084 883 2117 fidelium
916 2087 944 2117 in
976 2090 1043 2116 toto
1073 2086 1220 2118 districtu
1252 2086 1306 2119 illo
1337 2086 1544 2120 laudabiliter
1573 2090 1716 2120 excitata
1757 2090 1786 2120 in
1816 2090 1998 2121 servicium
2027 2089 2077 2120 sui
2099 2088 2264 2121 creatoris

403 2145 531 2177 avidius
562 2145 751 2178 inardescit.
785 2144 823 2178 [Ἰ
855 2148 954 2182 igitur
985 2145 1253 2179 cliristilideliluis
1284 2151 1312 2179 in
1344 2147 1395 2180 dei
1426 2147 1614 2181 laudamine
1644 2150 1840 2193 persistendi
1873 2149 2020 2191 largiore
2050 2157 2144 2181 more
2179 2157 2264 2193 pre-

405 2204 519 2238 beatur
548 2208 695 2238 occasio.
726 2216 785 2238 nos
815 2209 868 2250 qui
899 2217 996 2250 supra
1027 2206 1197 2239 johannes
1227 2210 1406 2252 episcopus
1435 2211 1606 2253 cupientes
1636 2220 1695 2254 per
1724 2211 1984 2254 inspirat-ionem
2014 2208 2132 2242 celitus
2165 2207 2262 2242 nobis

405 2266 535 2298 l'actam.
559 2270 672 2298 nostre
694 2270 951 2310 nostrorumque
973 2277 1205 2299 successorum
1227 2268 1333 2301 saluti.
1351 2267 1426 2301 dum
1444 2272 1599 2302 vivimus.
1619 2269 1801 2304 valencius.
1821 2274 1853 2302 ut
1875 2268 2053 2314 prefertur,
2071 2267 2260 2310 consulere,

405 2329 577 2358 statuimus
607 2330 637 2358 et
667 2326 895 2359 ordinavimus
924 2331 1022 2371 atque
1051 2327 1243 2360 ordinamus
1273 2339 1333 2373 pro
1363 2334 1543 2369 augmento
1573 2330 1679 2363 cultus
1709 2330 1824 2365 divini.
1855 2334 1886 2363 nt
1917 2332 1948 2363 in
1978 2329 2097 2363 eodem
2128 2328 2262 2363 Lancz-

406 2385 562 2418 kronensi
595 2390 808 2425 monasterio,
839 2386 899 2420 sub
925 2387 1015 2420 titulo
1037 2392 1067 2419 et
1091 2387 1216 2420 bonore
1239 2388 1334 2420 beate
1356 2389 1406 2422 dci
1428 2393 1600 2427 «genitricis
1621 2390 1726 2424 Marie
1747 2393 1888 2433 virginis
1908 2394 2023 2424 erecto
2043 2394 2076 2424 et
2095 2388 2262 2428 dedicato,

405 2447 443 2478 ad
482 2447 641 2479 bonorem
680 2447 731 2480 dei
767 2451 1001 2492 oninipotentis
1040 2460 1077 2480 ac
1117 2450 1263 2481 eiusdem
1305 2453 1444 2490 virg-'mis
1479 2450 1584 2484 illarii·
1622 2454 1831 2484 sanctissime
1869 2453 1968 2484 missa
1999 2452 2100 2496 ipsius
2128 2449 2263 2484 cottidie

406 2512 572 2551 perpetuis
604 2507 806 2552 temporibus
836 2519 931 2541 manc
960 2508 1187 2553 sollempniter
1208 2521 1266 2554 per
1287 2510 1429 2543 clericos
1451 2511 1657 2544 decantetur.
1680 2513 1785 2553 Quam
1808 2514 1895 2545 enim
1919 2515 1965 2544 tot
1986 2512 2112 2544 iteratis
2133 2508 2263 2544 vicibus

406 2570 434 2599 in
467 2572 595 2599 :inuras
635 2580 817 2601 evocamus
854 2569 1128 2603 necessitudines.
1168 2581 1259 2602 cuius
1290 2582 1395 2603 ccmm
1428 2575 1491 2604 tam
1522 2571 1728 2606 el'licuciluis.
1759 2583 1856 2616 quum
1898 2569 2131 2616 multiplicibus
2159 2569 2262 2604 inde—

406 2630 552 2661 sinenter
592 2629 743 2661 l'ulcunur
782 2630 946 2674 presidiis.
978 2631 1102 2672 justum
1140 2635 1171 2662 ct
1210 2634 1295 2675 pium
1336 2636 1396 2664 cst.
1438 2637 1466 2664 ut
1507 2643 1609 2676 ipsam
1640 2642 1772 2677 quoque
1804 2635 1902 2665 inimo
1933 2635 1963 2665 in
1995 2634 2063 2676 ipsa
2095 2629 2264 2665 Christum

407 2689 457 2720 dci
489 2692 625 2732 eiusque
663 2690 760 2721 lilium
793 2701 851 2735 pro
892 2690 1024 2724 modulo
1063 2695 1176 2723 nostro
1215 2691 1345 2723 devotis
1385 2692 1515 2725 laudum
1557 2692 1737 2726 honoribus
1777 2697 1993 2726 venerentur.
2051 2690 2138 2725 Nulli
2174 2693 2265 2726 enim
