2347 3153
1286 205 1357 240 131.

392 310 524 343 auditor
562 310 750 355 specialiter
787 309 973 354 deputatus.
1022 311 1188 342 universis
1231 313 1261 341 et
1296 309 1436 353 singulis
1474 309 1614 343 dominis
1651 308 1824 342 abbatibus
1866 308 2030 354 prioribus
2073 311 2250 354 prepositis

391 371 527 403 decanis
557 369 800 403 archidiaconis
831 368 1022 402 cantoribus
1060 369 1246 402 scolasticis
1285 369 1502 403 thesaurariis
1541 372 1690 403 sacristis
1719 372 1889 402 canonicis
1919 374 1982 402 tam
2012 368 2251 403 cathedralium

390 442 486 476 quam
518 431 768 466 colim-rimarum
799 427 1124 475 parrochialiumquc
1162 429 1349 462 rectoribus
1378 435 1407 463 et
1439 441 1552 463 eorum
1595 429 1860 463 locotenentilms
1897 429 2102 475 presbyteris
2131 431 2255 463 curatis

391 497 419 523 et
451 503 515 524 non
547 494 670 524 curatis
709 491 840 524 clericis
879 493 1082 534 notariisque
1118 495 1148 522 et
1188 489 1421 523 tabellionibus
1462 490 1599 536 publicis
1638 489 1890 535 quibuscunque
1927 501 1988 536 per
2024 493 2192 523 civitatem
2222 493 2254 523 et-

390 553 549 585 ‹liocesim
582 552 839 585 (llomuceusem
870 564 908 584 ac
939 551 1009 584 aliis
1040 550 1172 584 ubilibet
1203 553 1390 584 constitutis
1420 556 1451 583 et
1481 561 1595 584 eorum
1626 549 1759 584 cuilibet
1785 550 1973 585 insolidum,
2001 551 2041 584 ad
2070 561 2169 596 quem
2198 549 2253 583 vel

389 612 428 645 aii
459 623 542 657 quos
582 617 755 657 presentes
795 617 908 645 nostre
945 612 1039 644 litere
1079 614 1306 656 pervenerint.
1346 611 1483 644 salutem
1522 615 1552 644 in
1589 612 1721 645 domino
1761 616 1793 645 et.
1827 611 1991 645 mandatis
2027 613 2150 645 nostris
2184 613 2250 644 imo

389 675 502 705 verius
531 672 721 717 apostolicis
752 672 889 705 lii-miter
917 671 1066 705 obedire.
1126 671 1239 717 Nuper
1269 675 1500 706 sanctissimus
1532 675 1562 706 iu
1592 672 1724 706 Christo
1753 677 1849 718 pater
1886 677 1915 706 et
1955 672 2108 706 dominus
2136 675 2252 706 noster

389 734 540 766 (lominus
571 732 761 766 Bonil'acius
791 733 901 765 divina
933 732 1145 777 providencia
1178 744 1260 778 papa
1295 743 1401 766 nonus
1431 732 1594 778 quandam
1634 736 1845 767 comissionis
1883 735 1956 766 sive
1994 732 2251 778 supplicat-,ionis

388 793 540 826 cedulam
571 793 665 826 nobis
696 805 754 838 per
783 798 909 825 certum
946 804 1039 825 sumn
1070 804 1240 826 cursorem
1273 797 1456 838 presentari
1495 794 1584 829 fecit.
1623 805 1719 839 quam
1756 805 1817 828 nos
1854 805 1927 827 cum
1966 804 2005 827 ea
2041 804 2104 838 qua
2142 792 2253 826 decuit

390 857 589 887 reverencia
630 857 800 899 recepisse
837 856 998 886 noveritis
1042 853 1227 887 huiusmodi
1277 854 1337 888 snb
1381 859 1516 888 tenore:
1556 854 1722 899 Dignetur
1759 866 1785 888 s,
1822 866 1854 887 v.
1895 864 2028 888 causam
2067 858 2100 887 et
2133 863 2252 887 causas

389 915 629 960 appellacionis
658 926 715 947 seu
746 914 1008 959 appellacionuin
1040 925 1100 959 pro
1131 919 1224 960 parte
1254 915 1495 948 venerabilium
1527 920 1556 948 et
1588 915 1821 959 religiosarum
1853 914 2060 948 dominarum
2080 913 2252 948 Dorothee

388 975 557 1009 abbatisse
595 980 623 1007 et
665 980 850 1009 conventus
889 979 1081 1009 monasterii
1121 976 1216 1009 vallis
1255 980 1370 1009 sancte
1404 975 1511 1009 Marie
1550 976 1590 1010 de
1620 976 1755 1010 Oslavia
1796 976 1921 1009 ordinis
1951 974 2184 1009 Cisteroiensis
2212 985 2252 1008 ac

388 1035 517 1069 Nicolai
549 1035 647 1069 l‘olali
680 1040 819 1069 rectoris
850 1037 976 1082 capelle
1007 1040 1110 1069 sancti
1140 1035 1268 1069 Nicolai
1299 1036 1482 1070 Brunensis
1512 1037 1745 1070 Olonmcensis
1784 1037 1926 1070 diocesis
1964 1037 2003 1069 ad
2033 1035 2249 1082 apostolicam

387 1096 500 1129 sedem
534 1100 726 1141 interposite
756 1109 813 1130 seu
854 1100 1121 1142 interpositarum
1161 1108 1178 1129 a
1221 1097 1387 1130 nonnullis
1424 1100 1587 1142 pretensis
1626 1097 1868 1131 monicionibus
1907 1095 2182 1142 requisicionibus
2220 1099 2251 1129 et.

388 1157 600 1203 processibus
630 1158 700 1190 aliis
737 1169 796 1203 per
825 1157 999 1202 quemdam
1040 1157 1244 1191 Bernardum
1284 1170 1320 1191 se
1356 1158 1508 1191 abbatem
1549 1162 1741 1192 {nonasterii
1779 1158 2088 1193 Zawordivicensis
2125 1157 2251 1191 ordinis

389 1217 709 1252 premonstratensis
740 1219 826 1251 dicte
857 1218 1000 1251 diocesis
1028 1230 1066 1251 ac
1092 1221 1215 1262 jurium
1247 1224 1276 1251 et
1309 1219 1561 1264 privilegiorum
1592 1220 1720 1252 cuidam
1748 1219 1895 1253 Ditwiuo
1924 1222 2053 1252 asserto
2082 1220 2251 1264 preposito

388 1279 533 1312 ecclesie
558 1283 661 1312 sancti
685 1279 769 1312 l'etri
795 1279 1006 1313 Bruma-usis.
1038 1285 1068 1312 ut
1100 1281 1295 1326 cappellano
1327 1280 1464 1313 honoris
1495 1279 1706 1322 indultorum,
1738 1284 2015 1314 conservatorem
2041 1278 2250 1325 pretenden-

389 1344 452 1373 tem
483 1340 522 1372 ad
557 1340 704 1373 einsilem
739 1340 887 1373 Ditwini.
919 1345 949 1373 ut
980 1342 1109 1374 «licitur.
1142 1345 1334 1374 instanciam
1368 1341 1558 1374 l'ulminatis.
1589 1352 1718 1374 necnon
1749 1352 1882 1374 causam
1904 1345 1936 1373 et
1957 1350 2076 1374 causas
2096 1339 2251 1373 nullitatis

389 1403 568 1445 iniquitatis
599 1405 627 1433 et
659 1404 821 1434 iniusticie
860 1402 1020 1434 (lictorum
1061 1407 1291 1447 pretensoi·um
1333 1405 1557 1435 monicionum
1599 1405 1856 1446 requisicimium
1896 1406 1928 1434 et
1964 1410 2182 1446 processuum
2212 1411 2251 1434 ac

387 1464 521 1497 negocii
554 1462 742 1506 principalis
772 1473 829 1494 seu
860 1466 1077 1498 negociorum
1102 1463 1330 1507 principalium
1353 1463 1535 1495 eorundem
1558 1463 1653 1496 alicui
1676 1474 1718 1496 ex
1740 1461 1987 1496 venerabilibus
2007 1464 2089 1495 viris
2109 1460 2250 1495 dominis

389 1524 491 1553 vestri
510 1525 595 1554 sacri
613 1523 784 1567 apostolici
807 1534 981 1555 causarum
1002 1523 1116 1568 palacii
1135 1523 1340 1556 auditoribus
1369 1526 1544 1556 comittere
1565 1523 1746 1556 audiendas
1775 1522 2032 1566 cognoscendas
2047 1521 2251 1555 decidendas

389 1587 417 1613 et
450 1582 513 1615 line
535 1581 645 1615 ‹lebito
664 1583 888 1616 terminamlas
910 1595 982 1616 cum
1005 1583 1158 1617 omnibns
1177 1589 1205 1616 et
1228 1584 1368 1625 singulis
1387 1587 1454 1617 suis
1485 1587 1708 1623 eun-rgenciis
1730 1584 1923 1617 iucidenciis
1952 1582 2190 1629 (lependeneiis
2218 1586 2251 1615 et

388 1645 564 1675 connexis.
597 1646 701 1676 eciam
733 1655 804 1676 cum
838 1648 999 1688 potestate
1029 1644 1229 1678 abbatissam
1260 1650 1289 1677 et
1322 1649 1527 1678 conventum
1558 1656 1595 1677 ac
1626 1644 1797 1678 Nicolaum
1835 1644 2003 1689 predictos
2032 1646 2252 1677 communiter

387 1706 491 1736 eciam
532 1703 661 1736 ‹lixis-in»
701 1716 717 1736 a
757 1703 1018 1748 quilmscumqoe
1057 1709 1422 1739 excommunicacionis
1461 1709 1653 1740 sentenciis.
1692 1708 1718 1738 si
1757 1716 1839 1750 quas
1869 1705 1981 1738 forsan
2011 1707 2250 1750 premissorum

387 1766 568 1795 occasione
607 1767 816 1797 incurrerint.
849 1766 1040 1809 simpliciter
1079 1766 1130 1798 vet
1171 1766 1209 1799 ad
1248 1767 1410 1799 cautelam
1451 1766 1646 1799 absolvendi
1687 1777 1815 1799 necnon
1853 1764 2080 1799 Bernharclum
2110 1770 2143 1798 et
2172 1764 2250 1798 Dii-

388 1827 512 1856 winum
545 1825 711 1869 predictos
748 1830 776 1856 et
816 1837 1031 1870 quoscunque
1070 1827 1164 1860 alios.
1204 1839 1262 1860 sua
1301 1830 1524 1860 communiter
1562 1828 1615 1860 vel
1651 1828 1781 1860 divisim
1821 1830 1984 1860 interesse
2019 1829 2185 1872 putantes
2218 1828 2249 1859 in

390 1884 573 1917 Romanam
605 1889 728 1919 curiam
760 1891 788 1918 et
821 1891 914 1918 extra
946 1892 974 1918 et
1006 1887 1044 1918 :ul
1077 1892 1187 1932 partes
1218 1891 1346 1921 tociens
1376 1890 1537 1932 quociens
1576 1899 1658 1933 opus
1697 1888 1794 1921 suerit
1830 1887 1972 1920 citandi:
2003 1898 2066 1920 non
2097 1885 2250 1920 obstante

389 1947 474 1989 quoii
510 1946 622 1979 soi-sau
653 1958 750 1979 eausa
782 1959 839 1979 sen
871 1958 970 1979 cause
1002 1947 1185 1980 liniusmoili
1224 1960 1288 1981 non
1319 1952 1381 1981 sint
1413 1950 1451 1982 :ul
1484 1950 1605 1982 ‹lictam
1646 1952 1770 1982 curiam
1812 1948 1972 1986 legittime
2002 1947 2159 1981 «involute
2188 1958 2250 1981 nec

387 2017 416 2038 in
447 2006 563 2039 ezulo-m
596 2006 634 2038 ile
661 2008 745 2049 juris
776 2011 973 2040 necessitate
1005 2009 1173 2041 traetamle
1207 2020 1265 2041 seu
1297 2012 1401 2042 eciam
1435 2009 1585 2042 linieuile.
1620 2010 1651 2043 lu
1684 2010 1746 2042 line
1777 2020 1859 2042 vero
1889 2009 1975 2042 (licie
2005 2009 2250 2042 commissionis

385 2078 457 2099 sne
489 2067 745 2112 supplicacionis
783 2069 898 2100 cetlole
939 2072 1059 2113 seripta
1098 2075 1188 2101 eram
1230 2071 1270 2102 cle
1307 2070 1442 2102 alterius
1481 2082 1577 2103 mauu
1617 2075 1643 2102 et
1686 2070 1789 2103 litera.
1829 2072 1992 2114 superiori
2023 2069 2117 2102 litero
2147 2071 2249 2114 ipsius

388 2128 503 2160 cetlole
536 2133 664 2172 penitus
694 2134 722 2160 et
755 2141 888 2162 omnino
919 2129 1065 2161 ulis-unilt
1097 2134 1124 2161 et
1155 2131 1299 2163 «mersa.
1333 2130 1393 2163 liec
1417 2131 1518 2164 wrba
1542 2131 1714 2164 videlicet:
1748 2131 1796 2164 l)e
1819 2131 1972 2163 mamiato
1993 2130 2115 2163 domini
2136 2133 2250 2162 nostre

388 2200 470 2233 papi·
501 2190 608 2222 :miliat
642 2193 803 2225 manister
831 2190 1034 2222 Jeroninnis.
1066 2195 1153 2222 citet.
1194 2196 1221 2222 nt
1255 2195 1386 2235 petitur.
1418 2191 1581 2225 absolvat.
1611 2203 1636 2224 si
1668 2196 1696 2223 et
1730 2196 1821 2237 prout
1855 2191 1996 2234 dejure
2026 2195 2057 2223 et
2087 2192 2248 2224 iusticiam

388 2251 495 2282 iaciat.
530 2250 600 2282 l'ost
634 2261 726 2282 cums
756 2251 885 2294 qualem
926 2262 1171 2283 commis-ionis
1208 2264 1280 2283 sixe
1311 2252 1567 2296 supplicat-iouis
1597 2252 1711 2284 eeclnle
1743 2254 2031 2296 presenlarionem
2062 2255 2090 2283 el
2123 2261 2248 2296 recop-

386 2322 470 2342 cion·
489 2323 515 2342 m
550 2312 668 2344 l'uiinus
699 2323 757 2356 per
786 2311 963 2344 discretum
1007 2323 1110 2343 xirum
1152 2316 1344 2348 magistrum
1387 2313 1563 2346 Gerlacum
1601 2312 1708 2345 liscia-
1739 2316 1768 2346 in
1802 2312 1950 2345 Romana
1989 2314 2079 2345 curia
2118 2322 2247 2345 necnon

390 2371 628 2403 xeneralnliuin
661 2376 688 2404 nt
722 2372 954 2409 religiosorum
987 2372 1192 2404 dominarum
1227 2373 1395 2406 Dorotliec
1427 2373 1592 2406 abbatisse
1630 2379 1658 2405 et
1699 2379 1885 2407 conventus
1925 2375 2115 2406 {nonasterii
2155 2371 2248 2406 vullis

386 2438 501 2463 >ain-te
540 2432 641 2464 ,tlara—
672 2432 711 2465 ile
743 2433 877 2465 tlslax‘ia
909 2433 1033 2464 orilims
1064 2434 1296 2466 l'ist‹·i·‹-ieiisis
1320 2438 1347 2465 et
1386 2434 1508 2467 iloniiui
1533 2433 1657 2467 Nicotai
1682 2433 1792 2467 l'olali.
1824 2438 1965 2467 rectoris
1985 2433 2112 2479 capelle
2144 2435 2248 2467 suncti

386 2490 511 2523 Nicolai
538 2493 750 2527 llronnensis.
783 2494 1015 2526 (llomuccusis
1042 2494 1193 2526 diocesis,
1228 2494 1454 2538 prmcipalium
1475 2498 1502 2527 iu
1535 2495 1618 2527 :licta
1650 2497 1860 2527 comissiouis
1889 2498 1961 2527 sive
1991 2494 2248 2539 supplicacionis

385 2553 499 2584 eminio
532 2554 623 2585 nolas
655 2560 682 2585 ut
709 2559 904 2599 pro-untiitnr
926 2555 1009 2587 i'aeta
1028 2559 1055 2585 et
1077 2559 1265 2597 presentata
1300 2555 1523 2598 proicipalitcr
1553 2559 1794 2588 nomiimtorum
1819 2559 2083 2599 procuratorem,
2101 2554 2250 2588 (loculus

387 2624 635 2655 procuras-ionis
669 2616 821 2647 mamiato
844 2615 937 2647 nobis
959 2615 1116 2651 legittima
1140 2620 1242 2646 extitit
1277 2616 1360 2647 l'acta
1394 2615 1484 2648 tides.
1517 2616 1568 2648 «lie
1598 2621 1626 2647 et
1661 2616 1732 2648 loco
1763 2616 1982 2660 infrascriptis
2012 2625 2124 2648 corant
2155 2613 2250 2648 nobis

385 2679 596 2706 con—'itiituiu
628 2688 699 2707 enin
733 2681 890 2708 tttslzint'nt
922 2675 1029 2708 «letina
1072 2681 1230 2718 requisiti.
1271 2681 1433 2719 :piati-nus
1464 2676 1524 2708 siln
1557 2680 1787 2720 procuratorio
1818 2679 1950 2709 nomine
1981 2674 2130 2721 predicto
2160 2678 2248 2708 eila—
