2347 3153
1269 213 1341 246 502

370 322 516 368 capitulo
545 320 709 366 generali.
749 319 835 364 quod
876 321 906 352 in
945 317 1106 351 kathedra
1143 320 1249 351 saneti
1288 316 1375 350 Petri
1414 321 1636 351 conmuniter
1675 322 1723 351 est
1762 328 1836 351 cum
1876 316 1992 351 diebus
2021 317 2237 363 sequentibus

370 387 567 417 consuetum
597 380 773 414 celebrari.

682 450 772 484 (Orig.
799 451 882 483 Perg,
908 450 954 475 die
979 450 1038 484 Sig.
1065 449 1229 483 abgerissen
1254 450 1292 475 ini
1318 449 1473 476 ftirsterzh.
1500 450 1624 474 Areliive
1649 449 1676 474 in
1702 449 1855 477 Kremsier.
1895 449 1992 475 Durcli
2017 449 2062 475 die
2087 449 2168 475 Mitte
2192 450 2243 476 der

787 502 925 528 t‘rkunde
949 502 1017 535 gelit
1042 502 1087 526 ein
1112 501 1248 535 sehriigs-i·
1272 498 1410 539 Schuitt.)

1258 646 1362 682 466.

369 721 519 765 Bis-citos
543 720 660 753 Laceh·
699 732 760 753 ron
795 719 927 752 olmmz-
967 717 1126 762 rerlmus!
1164 718 1227 750 das
1267 728 1329 750 ron
1369 717 1431 749 den
1466 716 1638 749 Olttie't'tzer
1670 715 1828 759 Bia-geru
1858 714 2011 748 Minime!
2037 714 2141 748 Polcz
2169 714 2238 748 wid

376 781 518 817 lt'buz-el
547 781 729 825 Landroqt
757 792 822 813 τοη.
843 780 992 813 erittau
1023 778 1211 822 ee'nyeloste
1240 777 1460 822 bisc-holliclee
1482 775 1804 821 DorfSclenobole‘n
1835 787 1879 810 αη
1907 777 2024 809 see'nen
2046 774 2238 821 Suffraqan

395 843 566 876 Xiholaus
597 841 748 885 Bis-cleos
772 852 834 874 ron
866 840 1031 884 Magyara.
1062 840 1127 883 auf
1152 839 1272 872 des-sen
1305 837 1518 872 Lebeuszen.
1554 837 1610 871 Dt.
1645 837 1788 870 Olme't'lz.
1819 837 1879 870 25.
1911 836 2070 870 Februar-
2101 835 2211 870 1407.

524 909 680 962 Laczko
711 928 763 962 dei
793 931 909 973 gracia
931 930 1111 973 episcopus
1133 926 1369 960 olomucensis
1391 926 1430 959 ad
1454 928 1689 960 universorum
1710 928 1866 959 noticiam
1888 927 2064 970 presencia
2084 925 2240 958 volumus

365 993 559 1036 pervenire.
591 990 677 1035 qnod
708 1001 781 1022 eum
812 1000 873 1022 nos
903 988 1057 1022 diseretis
1086 992 1117 1021 et
1149 986 1349 1021 notabilibus
1380 987 1538 1021 oneribus
1568 986 1754 1020 debitorum
1784 989 1921 1019 racione
1950 985 2095 1019 ecclesie
2124 989 2239 1019 nostre

366 1054 563 1097 pregravati
593 1054 708 1084 simus.
739 1054 834 1095 prout
865 1049 928 1083 lioc
959 1060 1024 1082 non
1054 1048 1219 1082 occultum
1259 1048 1317 1081 sed
1350 1048 1560 1081 manifestum
1597 1050 1729 1081 existit:
1769 1058 1872 1093 quare
1907 1049 2110 1081 necessitate
2138 1056 2240 1080 com-

366 1112 523 1158 pellimur
562 1115 636 1145 vias
674 1110 885 1156 exquirendi.
925 1110 1092 1155 quomodo
1133 1109 1321 1153 hujusmodi
1364 1120 1468 1142 onera
1500 1108 1688 1143 debitorum
1718 1119 1778 1154 pro
1807 1112 1923 1142 nostro
1953 1118 2053 1154 posse
2082 1107 2239 1154 paulatim

368 1173 557 1207 allevemus
587 1177 617 1205 ct
649 1172 852 1206 immutando
882 1176 1090 1205 contractum
1120 1170 1281 1204 faciamus
1320 1170 1555 1204 condicionem
1595 1170 1768 1203 meliorem
1809 1174 1839 1202 et
1877 1169 1951 1203 licet
1989 1173 2117 1203 matura
2147 1167 2238 1202 deli-

369 1233 551 1267 beracione
594 1233 780 1279 preliabita.
825 1244 907 1266 sano
951 1235 1057 1265 eciam
1101 1230 1245 1265 fidelium
1287 1236 1478 1265 inisti-orum
1518 1231 1703 1265 accedente
1742 1231 1893 1265 consilio.
1925 1230 1965 1264 de
1994 1229 2238 1264 honorabilium

367 1306 501 1339 quoque
545 1297 693 1328 virorum
739 1294 948 1328 dominorum
993 1293 1111 1326 decani
1155 1297 1185 1325 et
1225 1293 1359 1338 capituli
1393 1292 1630 1326 olomucensis
1669 1292 1807 1326 fratrum
1846 1296 2036 1326 nostrorum
2075 1301 2240 1338 expresso

363 1366 545 1398 consensu,
577 1360 725 1389 nostram
756 1360 787 1388 et
817 1354 962 1388 ecclesie
1002 1358 1116 1387 nostre
1145 1353 1256 1387 villam
1291 1353 1484 1399 Slawonyn
1515 1353 1553 1386 ad
1585 1364 1733 1387 mensam
1764 1352 1989 1399 episcopalem
2019 1356 2239 1398 spectantem,

365 1416 447 1450 alias
486 1416 607 1450 dudum
638 1416 794 1450 Mieliaeli
826 1415 924 1449 Polcz
963 1419 993 1448 et
1025 1414 1232 1448 wenceslao
1273 1414 1461 1459 landvoght
1503 1414 1543 1448 de
1584 1413 1763 1448 Zwittavia
1799 1413 1930 1447 civibus
1960 1411 2239 1447 Olomucensibus

364 1480 395 1510 in
427 1480 587 1511 trecentis
627 1480 748 1510 marcis
787 1475 1048 1510 moravicalibus
1078 1486 1276 1520 grossorum
1309 1478 1530 1521 pragensium
1561 1474 1739 1520 obligatam
1771 1475 2018 1509 exsolverimus
2048 1478 2080 1508 et
2109 1473 2238 1508 libera-

363 1541 472 1571 vimus
502 1538 613 1571 abeis
644 1541 673 1571 in
704 1549 832 1571 summa
863 1537 1026 1583 predicta.
1056 1541 1166 1570 tamen
1198 1536 1380 1571 inevitabili
1414 1539 1624 1575 necessitate,
1656 1539 1783 1581 viginte
1805 1539 1949 1570 maxime
1969 1540 2106 1582 propter
2126 1534 2236 1569 debita

365 1602 458 1632 curie
488 1610 639 1632 romane.
670 1599 810 1632 eandem
841 1609 983 1632 unacum
1014 1600 1105 1631 curia
1136 1597 1278 1630 allodiali
1318 1597 1455 1632 ibidem.
1492 1597 1647 1632 censibus
1686 1596 1868 1631 redditibus
1897 1596 2122 1631 nsufructibus
2151 1606 2236 1642 pro-

363 1659 518 1693 ventibus
549 1665 579 1693 et
610 1659 877 1693 obvencionibus
907 1662 974 1692 suis
1005 1670 1043 1692 ac
1072 1661 1290 1704 pertinenciis
1323 1661 1503 1693 universis.
1535 1658 1787 1704 quibuscunque
1825 1657 2026 1705 specialibus
2062 1656 2237 1692 vocabulis

362 1722 494 1754 valeant
527 1724 724 1766 nuncupari.
755 1720 833 1754 nihil
864 1723 993 1766 penitus
1024 1719 1119 1753 nobis
1150 1724 1179 1752 et
1211 1719 1472 1754 successoribus
1502 1723 1624 1754 nostris
1655 1723 1822 1766 episeopis
1847 1717 2127 1753 olomuc-ensibus
2151 1720 2238 1764 juris

362 1781 499 1815 dominii
539 1786 570 1814 et
608 1785 821 1827 proprietatis
859 1785 1078 1815 reservantes
1116 1783 1146 1813 in
1177 1792 1227 1813 ea.
1260 1780 1367 1814 berna
1401 1781 1507 1826 regali
1539 1786 1569 1815 et
1601 1792 1660 1827 pro
1697 1784 1923 1814 coronacione
1959 1779 2058 1814 futuri
2088 1782 2238 1826 episcopi

361 1846 392 1876 in
423 1854 537 1877 casum
571 1848 601 1876 et
632 1848 790 1876 eventum
827 1842 1035 1888 imponendis
1075 1842 1233 1875 duntaxat
1275 1846 1307 1875 et
1337 1846 1504 1888 exceptis.
1536 1842 1727 1876 reverendo
1764 1845 1793 1876 in
1825 1840 1959 1875 Christo
1989 1844 2073 1887 patri
2103 1841 2236 1875 domino

363 1903 503 1937 Nicolao
548 1907 708 1950 episcopo
737 1904 929 1949 Magarcnsi
974 1903 1099 1936 ordinis
1143 1902 1281 1936 fratrum
1327 1903 1591 1949 predicatorum,
1630 1914 1716 1937 nunc
1757 1903 1972 1948 suffraganeo
2011 1906 2138 1945 nostra,
2176 1912 2249 1948 pro¹

363 1969 522 1999 trecentis
554 1969 676 1999 marcis
707 1964 967 1999 moravicalibus
997 1974 1193 2009 grossorum
1226 1968 1441 2009 pragensium
1473 1964 1568 1998 nobis
1599 1968 1628 1998 in
1659 1967 1783 2010 paratis
1813 1969 1843 1997 et
1874 1966 2057 1998 numeratis
2085 1965 2236 2010 pecuniis

362 2027 573 2071 integraliter
603 2026 781 2072 persolutis
813 2031 843 2060 et
874 2029 904 2059 in
935 2036 1030 2059 usum
1061 2024 1206 2058 ecclesie
1236 2029 1350 2058 nostre
1394 2028 1583 2059 conversis.
1620 2028 1813 2059 nominatim
1844 2036 1904 2071 pro
1934 2024 2106 2059 solucione
2136 2022 2236 2058 debi—

361 2092 481 2120 torum.
513 2099 574 2132 pro
605 2099 666 2132 qua
698 2087 805 2120 adbuc
837 2090 867 2120 in
899 2097 1035 2120 romana
1067 2088 1157 2119 curia
1198 2085 1401 2130 obligamur.
1434 2086 1585 2120 facienda
1616 2086 1654 2120 ad
1687 2091 1836 2132 tempora
1869 2089 1938 2120 vite
1968 2097 2028 2120 sne
2057 2084 2236 2120 tenendam

362 2148 598 2193 possidendam
629 2153 659 2181 et
690 2148 911 2182 util'ruendam
953 2159 1026 2181 cum
1067 2145 1220 2180 omnibus
1260 2151 1288 2179 et
1320 2147 1461 2192 siugulis
1493 2151 1708 2193 pertinenciis
1738 2151 1806 2181 suis
1836 2147 2047 2181 vendicionis
2075 2151 2106 2181 et
2135 2156 2235 2192 emp-

362 2212 467 2242 eionis
498 2209 646 2253 legitimo
677 2214 850 2242 contractu
882 2208 1094 2242 vendidimus
1124 2212 1156 2240 et
1186 2208 1360 2242 vendimus
1392 2220 1452 2254 per
1482 2213 1677 2254 presentes:
1718 2212 1788 2254 ipso
1820 2220 1903 2243 vero
1932 2208 2089 2242 defuncto
2118 2206 2236 2244 eadem

362 2269 438 2302 villa
479 2270 518 2302 ad
560 2281 620 2303 nos
663 2275 695 2303 et
737 2282 956 2304 successores
1000 2274 1134 2303 nostros
1178 2268 1282 2301 libere
1322 2274 1351 2302 et
1383 2269 1534 2302 absolute
1575 2269 1710 2303 devolvi
1743 2269 1892 2303 debebit.
1924 2272 1965 2303 ita
1996 2273 2119 2309 tamen,
2149 2267 2236 2314 quod

361 2329 477 2363 decem
511 2342 623 2364 marce
654 2334 803 2377 perpetui
835 2334 933 2364 annui
964 2341 1086 2364 census
1116 2333 1147 2363 in
1178 2329 1264 2362 dicta
1297 2330 1373 2363 villa
1410 2330 1624 2376 infrascripto
1655 2331 1752 2364 modo
1779 2329 2007 2364 distribuende
2027 2333 2237 2373 remaneant,

364 2392 470 2424 done«-
502 2404 561 2425 nos
591 2397 645 2425 aut
676 2404 855 2426 successor
893 2397 1008 2425 noster
1047 2391 1183 2424 easdem
1226 2403 1290 2424 non
1331 2391 1561 2425 liberavimus.
1601 2403 1659 2425 scu
1691 2403 1754 2425 non
1787 2391 1956 2429 liberavit,
1987 2390 2097 2425 licebit
2126 2394 2236 2424 autem

362 2452 456 2485 nobi>
489 2454 539 2485 vei
571 2457 599 2486 ei
631 2465 704 2487 cum
735 2458 867 2486 centum
900 2456 1017 2497 viginti
1049 2455 1170 2485 marcis
1200 2464 1398 2489 «grossorum
1431 2453 1552 2486 dictum
1584 2464 1720 2486 censum
1743 2453 1859 2486 decem
1883 2462 2070 2486 marcarum
2092 2450 2236 2486 liberare

362 2523 420 2546 seu
454 2517 482 2546 iu
515 2515 585 2547 alus
616 2519 678 2547 etc.
713 2514 806 2548 bonis
837 2514 1024 2557 hujusmodi
1056 2514 1172 2547 decem
1205 2525 1397 2547 marearum
1429 2525 1565 2547 censum
1597 2514 1757 2559 deputare
1788 2525 1826 2547 ac
1848 2513 2090 2547 demonstrare.
2123 2512 2239 2547 Dictus

364 2584 447 2606 vero
478 2574 594 2607 decem
627 2587 813 2608 marcarum
844 2587 972 2608 annuus
1003 2586 1124 2608 census
1155 2574 1217 2608 boc
1248 2575 1367 2608 ordine
1404 2574 1638 2608 distribuetur:
1677 2578 1707 2608 in
1738 2577 1974 2608 anniversario
2004 2574 2081 2607 dicti
2117 2573 2241 2608 domini

360 2634 564 2678 sull'raigaiiei
596 2647 655 2669 sex
688 2648 799 2669 marce
830 2636 868 2669 ad
900 2637 1079 2669 eeclesiam
1112 2635 1338 2669 cathedralem
1371 2640 1400 2668 et
1434 2640 1575 2680 quatuor
1605 2636 1643 2668 ud
1677 2637 1917 2668 monasterium
1939 2637 2045 2668 sancti
2065 2633 2239 2669 Michaelis

360 2695 487 2729 ordinis
528 2700 631 2729 >ancti
665 2697 828 2730 Dominici
867 2700 896 2731 in
928 2697 1068 2731 ‹nunu-z
1108 2700 1242 2741 erogari
1283 2702 1312 2730 et
1357 2699 1543 2742 presentari
1584 2695 1748 2729 debebunt
1791 2708 1831 2729 eo
1871 2695 1970 2729 modo
2000 2694 2174 2741 erogande
2203 2699 2236 2729 et
