2347 3153
1278 228 1349 261 190

377 336 542 381 obligacio
573 339 603 369 in
635 340 786 369 eternum
817 334 915 368 fuerit
945 336 1113 368 duratura.
1145 338 1175 366 ut
1209 335 1354 366 tuciores
1383 335 1414 365 in
1444 332 1609 366 solvendo
1639 336 1745 378 ipsum
1775 332 1944 366 dominum
1975 332 2183 378 Stephanum
2213 336 2246 366 et

376 408 594 432 successores
624 399 725 442 ipsius
754 407 792 429 ac
821 395 1004 441 predictam
1035 394 1294 428 olomucensem
1324 393 1501 426 ecclesian]
1528 396 1649 438 vigore
1679 395 1846 439 presentis
1874 394 2042 439 privilegii
2073 393 2247 437 faciamus,

375 462 408 492 in
447 469 526 491 casu
566 456 619 490 ubi
655 460 686 490 in
724 456 889 490 solvendo
933 468 992 490 seu
1034 454 1239 501 porrigendo
1284 465 1423 487 censum
1458 453 1643 500 predictum
1679 456 1711 488 in
1741 457 1937 500 prescriptis
1967 456 2130 498 terminis,
2160 453 2248 499 quod

379 518 475 552 absit.
514 520 648 551 omnino
687 528 748 551 nos
786 528 845 551 seu
883 527 1102 551 successores
1139 519 1276 549 nostros
1315 513 1385 548 fieri
1424 518 1613 560 contigeret
1651 515 1877 560 negligentes,
1909 519 1987 549 tunc
2014 517 2248 562 prenominato

376 580 509 613 domino
549 578 722 624 Stephano
760 583 793 611 et.
829 581 932 624 ipsius
971 576 1225 611 successoribus
1265 575 1384 621 prefati
1418 575 1572 609 beneficii
1607 579 1778 610 canonicis
1817 575 1932 610 damus
1970 580 2003 610 et
2032 575 2249 610 concedimus

376 645 573 686 potestatem
603 639 826 673 omnimodam
848 642 964 681 tocies,
995 641 1133 683 quocies
1163 641 1194 671 in
1219 636 1336 670 dandis
1366 636 1485 670 talibus
1524 636 1680 670 censibus
1709 647 1770 670 nos
1799 647 1859 670 seu
1889 647 2110 671 successores
2137 638 2247 670 nostri

377 701 509 735 desides
539 700 700 735 fuerimus
728 711 787 734 seu
817 700 951 734 fuerint.
981 703 1087 744 ipsum
1118 708 1256 731 censum
1291 709 1309 731 a
1338 697 1434 731 nobis
1464 702 1494 731 et
1515 701 1638 732 nostris
1668 696 1924 732 successoribus
1953 708 2096 732 censura
2126 697 2245 731 eccle-

373 765 506 796 siastica
537 761 721 807 repetendi,
751 772 862 806 neque
893 772 952 794 nos
985 763 1033 793 eis
1062 759 1169 793 verbo
1186 759 1241 793 vel
1272 759 1360 793 facto
1377 760 1455 803 jure
1476 759 1564 793 civili
1586 760 1641 793 vel
1661 762 1824 793 canonico
1846 769 2019 804 opponere
2039 757 2247 802 debebimus,

375 825 552 867 quominus
581 822 687 856 dictus
716 833 837 855 census
867 826 1017 854 retentus
1046 831 1105 854 seu
1136 822 1242 853 eciam
1274 831 1340 854 non
1370 820 1497 854 solutus
1518 819 1613 854 ficret
1642 823 1672 854 ei
1702 820 1757 854 vel
1787 822 1835 853 eis
1864 820 2015 865 plenarie
2043 819 2247 866 persolutus.

376 884 448 917 Hoe
478 888 632 917 notanter
662 888 692 917 et
722 882 878 929 specifice
899 886 1111 927 expressam.
1141 881 1229 927 quod
1252 881 1401 927 prefatus
1431 881 1582 915 dominus
1612 886 1727 915 noster
1747 880 1898 915 marchio
1922 880 2037 915 sibiet
2066 879 2247 915 heredibus

379 956 439 978 seu
469 943 722 978 successoribus
751 947 820 977 suis
858 948 887 976 et
923 942 1020 976 nobis
1053 953 1092 975 ac
1121 942 1380 976 successoribus
1417 945 1540 976 nostris
1578 946 1777 987 potestatem
1807 946 1966 977 reservat
1994 944 2246 988 prenominatas

376 1005 597 1050 quadraginta
628 1016 757 1038 marcas
789 1015 912 1038 census
951 1006 982 1038 in
1021 1003 1092 1036 aliis
1131 1002 1292 1036 reditibus
1332 1002 1573 1037 hereditatibus
1611 1006 1642 1036 in
1671 1003 1759 1037 villis
1788 1006 1862 1036 sive
1893 1002 2025 1038 villanis
2054 1007 2087 1037 et
2115 1005 2250 1037 rusticis

377 1076 441 1111 pro
471 1069 542 1111 ipso
572 1065 706 1099 domino
736 1065 907 1111 Stephano
937 1070 969 1098 et
997 1063 1254 1098 successoribus
1294 1067 1362 1097 suis
1400 1075 1438 1097 ae
1476 1075 1537 1110 pro
1567 1063 1783 1098 Olomucensi
1813 1064 1958 1098 ecclesia
1987 1068 2023 1098 ut
2050 1066 2250 1110 premittitur

378 1127 566 1172 deputandi.
599 1126 680 1160 Cum
710 1131 819 1159 autem
850 1126 1017 1171 predictus
1047 1136 1169 1158 census
1207 1124 1427 1170 quadraginta
1465 1136 1654 1159 marcarum
1691 1125 1869 1171 deputatus
1900 1128 1932 1159 in
1961 1128 2063 1160 certis
2091 1124 2187 1160 bonis
2215 1129 2251 1159 ut

378 1193 427 1221 est
456 1188 578 1221 dietum
609 1188 719 1222 fuerit.
750 1199 827 1221 mox
858 1198 918 1220 nos
948 1191 978 1220 et
1008 1197 1227 1220 successores
1247 1189 1351 1219 nostri
1372 1198 1411 1219 ac
1431 1189 1500 1232 ipsa
1522 1189 1640 1220 civitas
1661 1186 1871 1220 Brunnensis
1891 1186 1932 1220 ab
1952 1189 2014 1220 ista
2035 1185 2249 1231 obligacionc
2277 1206 2282 1210 -

377 1252 410 1282 in
441 1253 508 1282 toto
543 1248 671 1282 absolvi
711 1248 906 1281 debebimus
936 1252 966 1281 et
1006 1250 1137 1293 penitus
1177 1246 1321 1281 liberari.
1380 1247 1416 1281 In
1455 1250 1548 1281 cuius
1586 1251 1635 1281 rei
1666 1250 1892 1281 testimonium
1923 1251 2100 1293 presentes
2129 1247 2248 1282 literas

377 1313 520 1344 civitatis
549 1314 664 1343 nostre
694 1309 802 1354 sigillo
834 1310 873 1342 de
904 1320 1070 1342 consensu
1101 1313 1357 1342 antecessorum
1396 1313 1588 1342 nostrorum
1627 1313 1659 1342 et
1688 1311 1795 1342 tocius
1824 1310 2078 1342 communitatis
2108 1313 2141 1342 et
2168 1311 2249 1342 uni-

378 1374 546 1405 versitatis
575 1375 689 1405 nostre
718 1373 861 1404 civitatis
892 1370 1042 1416 predicte
1081 1370 1121 1403 de
1159 1374 1272 1403 nostra
1303 1372 1449 1403 omnium
1480 1373 1625 1403 sciencia
1659 1371 1821 1413 jussimus
1859 1372 2070 1403 communiri.
2127 1369 2248 1404 Datum

378 1431 489 1465 Brune
519 1443 605 1465 anno
635 1432 756 1465 domini
789 1432 962 1464 millesimo
992 1431 1327 1476 quadringentesimo
1356 1430 1516 1464 secundo.
1548 1430 1675 1464 decima
1710 1430 1762 1464 die
1791 1430 1932 1476 Aprilis.

693 1502 783 1528 :tii-iz.
812 1502 892 1532 I’erg,
919 1502 945 1528 li.
972 1501 1028 1535 sig.
1055 1501 1091 1526 ini
1117 1501 1190 1527 Uim.
1215 1500 1287 1534 Cap.
1313 1501 1462 1533 Arciiiveq

1271 1646 1373 1682 180.

383 1726 488 1770 I'apsl
520 1726 723 1770 Bonisaeius
754 1726 815 1760 ΙΧ.
845 1730 1008 1769 (μ’κΙιιΙΙΘΙ
1037 1727 1108 1759 (lem
1143 1726 1284 1759 lslostei·
1314 1737 1353 1758 ε-ιι
1374 1738 1400 1759 s.
1425 1725 1623 1759 [sallem-itm
1646 1727 1676 1758 iu
1704 1724 1847 1758 Olneatz.
1870 1725 1951 1758 dass
1973 1727 2006 1758 iu
2031 1725 2250 1771 :virtseleast—

380 1787 492 1820 lichen
522 1787 835 1831 Auyeleyeuheilen
879 1788 933 1820 alie
974 1787 1110 1820 Primi-in
1140 1788 1170 1819 ῖη
1211 1786 1416 1829 Begsleiltmy
1456 1799 1518 1819 ron
1550 1787 1570 1820 2
1602 1787 1685 1820 odei·
1715 1786 1893 1820 melereren
1923 1785 2143 1821 Selewestern
2174 1786 2250 1821 ihre

382 1849 610 1891 Besilzmeqen
654 1848 821 1881 besem-lime
861 1850 995 1893 dni-seu.
1040 1848 1128 1882 ohne
1171 1848 1270 1881 laeiezu
1315 1849 1369 1881 die
1414 1847 1602 1881 Erlaemlmi's
1647 1860 1708 1881 ron
1753 1848 1850 1881 Seite
1893 1848 1986 1881 {lares
2030 1847 2251 1882 Prociuzials

911 1910 1124 1942 einzulmleu.
1158 1909 1214 1942 ΠΙ.
1248 1908 1346 1942 linui.
1381 1908 1437 1942 12.
1470 1909 1574 1953 April
1604 1908 1712 1943 1402.

520 1970 733 2022 Bonifaeius
763 1992 940 2034 episeopus
970 2000 1091 2021 servus
1126 1999 1303 2022 servorum
1335 1988 1398 2022 dei.
1431 1988 1568 2022 Dilectis
1597 1992 1628 2022 in
1659 1989 1792 2022 Christo
1823 1987 1980 2022 filiabus.
2005 2016 2011 2022 .
2034 1991 2196 2034 priorisse
2217 1992 2250 2023 et

381 2053 559 2083 conventui
591 2053 782 2084 monasterii
813 2055 927 2083 sancte
957 2050 1137 2082 t‘atlieriue
1176 2049 1411 2083 (llomucensis
1450 2061 1509 2095 pei·
1547 2052 1741 2095 priorissam
1781 2050 1867 2083 soliti
1897 2049 2092 2093 gubernari,
2123 2050 2250 2084 ordinis

380 2114 484 2143 saneti
515 2111 696 2155 Augustini
735 2111 796 2144 suli
835 2122 913 2143 eura
954 2116 982 2143 et
1023 2110 1205 2144 seeundum
1248 2113 1391 2144 instituta
1431 2110 1556 2144 ordinis
1595 2110 1731 2143 fratrum
1772 2110 2018 2156 predicatorum
2058 2110 2250 2145 viventibus

380 2171 518 2204 salutem
551 2176 579 2203 et
612 2172 828 2218 apostolicam
861 2171 1147 2204 beneda-ei<niem.
1179 2171 1315 2204 Ordinis
1338 2174 1442 2204 vesti-i
1463 2183 1559 2205 sacra
1581 2172 1700 2215 religio
1723 2171 1924 2205 fecunditate
1946 2172 2070 2206 referta
2091 2175 2250 2206 virtutum

381 2236 409 2264 et
455 2236 647 2265 meritorum
688 2235 868 2278 conspicua
905 2235 1079 2265 sani-litate
1119 2243 1182 2265 non
1224 2232 1360 2276 indigne
1400 2237 1557 2269 mereturq
1598 2237 1628 2265 nt
1669 2243 1730 2266 vos
1769 2237 1798 2264 et
1831 2237 1979 2266 vesu-uni
2011 2235 2251 2268 monasterium

382 2293 508 2326 favoris
537 2294 710 2339 apostolici
742 2293 945 2339 plenitudine
977 2297 1222 2338 prosequentes
1252 2293 1473 2338 peticionibus
1504 2296 1626 2327 vestris
1657 2293 1717 2326 illis
1739 2296 1930 2338 presertim,
1952 2305 2016 2339 que
2037 2293 2250 2328 commodum

381 2359 411 2386 et
442 2356 611 2388 utilitatem
642 2355 790 2388 eiusdem
822 2358 925 2387 vesu-‘i
958 2358 1148 2387 monasterii
1180 2359 1397 2388 eom-eruunt.
1420 2359 1577 2399 quantum
1599 2365 1672 2387 cum
1702 2353 1765 2386 deo
1796 2365 1985 2399 possumus,
2017 2353 2250 2389 favorabiliter

382 2426 576 2448 annuamus.
635 2414 800 2449 Exiliibita
839 2415 1002 2460 siquidem
1045 2415 1138 2447 uobis
1176 2426 1281 2460 nuper
1321 2427 1379 2461 pro
1409 2420 1503 2461 parte
1542 2419 1654 2449 vestra
1685 2418 1805 2460 peticio
1835 2414 2042 2458 continebat,
2072 2415 2160 2461 quod
2190 2426 2251 2461 per

383 2478 535 2511 ingentes·
564 2488 719 2514 guerras.
742 2488 805 2521 qne
836 2479 866 2509 iu
897 2475 1045 2509 Mari-lita
1078 2481 1107 2508 et
1131 2475 1277 2521 pai-tilius
1299 2476 1452 2510 Moravie
1474 2476 1535 2509 hiis
1562 2474 1766 2521 temporibus
1789 2479 1981 2515 viguerunt.
2003 2480 2100 2522 prout
2121 2479 2250 2521 vigent,

382 2537 470 2569 xille.
502 2541 644 2574 ‹grane-ie
690 2542 719 2570 et
763 2537 827 2570 alie
871 2539 1105 2582 possessiones
1146 2538 1184 2569 :ul
1226 2542 1374 2570 vestrum
1415 2539 1652 2570 monasterium
1693 2539 1899 2581 pertinentes
1939 2537 2164 2583 multipliciter
2191 2548 2253 2583 per

383 2608 512 2641 rapina>
543 2603 572 2630 et
603 2601 689 2641 ignis
722 2598 872 2631 incendia
905 2598 1073 2631 destructe
1104 2603 1132 2628 et
1166 2601 1282 2642 partim
1313 2609 1372 2643 per
1403 2601 1555 2632 inimicos
1584 2602 1747 2642 occupate
1777 2601 1935 2632 existunt.
1967 2609 2006 2631 ae
2036 2597 2199 2632 officiales
2220 2602 2254 2631 et

382 2668 576 2702 provisores
620 2658 769 2691 eiusdem
813 2661 1004 2691 monasterii
1042 2661 1146 2690 eciam
1190 2670 1248 2703 pro
1288 2663 1380 2704 parte
1418 2659 1456 2692 ad
1489 2661 1640 2692 inimicos
1677 2658 1916 2696 eentum-erunt,
1948 2658 2076 2692 fructus
2105 2662 2137 2692 et
2165 2669 2253 2705 pro-

381 2723 513 2751 wntus.
544 2730 625 2763 quos·
658 2718 753 2752 vobis
787 2722 974 2752 ministrare
1005 2718 1177 2752 deberent.
1201 2723 1341 2753 inimicis
1363 2724 1393 2751 et
1415 2718 1672 2765 occupauiritms
1692 2731 1750 2752 seu
1772 2719 1889 2752 saltem
1913 2720 2030 2753 alienis
2053 2721 2251 2754 ministrant’

2340 3081 2347 3153 ῳ,-
