2347 3153
1076 210 1149 243 30²5

173 315 334 360 priorum.
365 312 498 347 Martini
529 312 665 347 lectoris
703 316 734 346 in
776 312 864 346 dicto
904 325 993 347 novo
1031 319 1235 349 monasterio
1273 319 1305 348 et
1336 314 1503 348 Buskonis
1542 316 1715 361 quardiani
1746 321 1850 351 saneti
1882 318 2044 353 ,loliannis

173 377 452 409 monasteriorum
486 374 731 409 Brunnensium
771 369 1006 409 tllomucensis
1043 377 1200 410 diocesis.
1240 387 1372 410 necnon
1403 376 1607 416 venerabilis
1646 382 1676 411 et
1717 379 1875 415 religiose
1911 380 2045 414 ‹lomiue

172 434 346 469 Dorotbee
375 434 544 469 abbatisse
575 439 769 470 monasterii
800 436 897 470 valtis
933 442 1049 471 sancte
1079 437 1186 472 Marie
1225 437 1266 471 de
1296 437 1435 471 Oslavia
1469 438 1594 471 ordinis
1625 437 1860 473 Cisterciensis
1895 442 2045 484 ejustleni

172 497 318 531 diocesis
347 508 386 530 ac
417 496 546 530 Nicolai
578 496 700 531 Polack
729 497 880 541 ejusdem
911 498 1045 532 domine
1076 498 1250 532 Dorothee
1279 498 1466 544 cappellani
1497 500 1724 545 principalium
1765 503 1794 533 in
1835 501 1921 534 (licta
1954 502 2049 535 nolus

170 557 258 592 facta
288 561 528 592 commissione
549 558 778 604 principaliter
798 562 1044 592 nominatorum
1068 562 1310 604 procuratoris.
1342 563 1438 605 prout
1470 559 1510 593 tle
1532 571 1592 593 sno
1615 564 1869 606 procurat-ionis
1893 563 2047 596 mamlato

171 629 217 652 ex
245 621 329 652 actis
358 630 535 652 causarum
566 618 754 653 huiusmodi
795 619 891 653 nobis
922 620 1082 664 legitimis
1120 619 1294 654 constabat
1325 620 1546 656 documentis.
1586 624 1784 656 instanciam
1816 622 2045 657 lionoraliilem

171 683 205 713 et
239 678 420 713 discretum
466 683 574 713 virum
619 683 816 724 magistrum
856 680 1047 730 Conradum
1088 681 1129 714 de
1168 681 1291 727 Lapitle
1325 686 1579 728 procuratorem
1619 694 1679 729 per
1718 683 1897 717 discretum
1939 688 2046 718 virum

172 743 369 785 magistrum
400 740 586 785 Georgium
616 741 657 775 de
678 740 864 775 (iewiczka
895 745 925 775 in
956 741 1042 775 dicta
1064 753 1202 776 romana
1233 745 1324 776 curia
1355 747 1386 776 et
1412 743 1618 789 prelatorum
1650 743 1860 778 dominorum
1885 744 2046 779 ssvrnardt

171 800 301 835 abbatis
329 806 363 835 et
392 801 530 835 Ditwini
562 806 720 848 prepositi
744 802 973 848 principalium
1003 814 1047 837 ex
1077 803 1224 837 adverso
1245 806 1351 837 eciam
1384 807 1413 837 in
1445 803 1530 838 dicta
1562 804 1658 838 nobis
1690 805 1777 838 sacta
1807 809 2047 839 commissione

171 862 402 909 principaliter
430 865 676 896 nominatorum
698 868 954 909 procuratorem
977 864 1195 910 principalem
1226 864 1264 897 :nl
1297 864 1382 898 lianc
1412 876 1548 899 causam
1579 865 1803 900 substitutum.
1835 866 1875 899 (le
1905 879 2045 912 quorum

169 926 424 958 constitucionis
462 928 494 957 et
530 923 780 958 substitucionis
818 925 982 958 mandatis
1021 925 1179 969 legitimis
1218 936 1261 958 ex
1299 928 1383 959 actis
1422 937 1598 960 causarum
1640 926 1828 960 liuiusmotli
1863 927 2044 974 apparebat

172 983 396 1027 documentis,
426 985 466 1018 ad
492 984 674 1019 'dicendum
705 990 737 1019 et
768 986 1015 1032 opponendum.
1056 986 1212 1031 quidquid
1252 986 1366 1020 dicere
1395 998 1453 1020 seu
1485 998 1657 1033 opponere
1694 987 1827 1021 volebat
1858 988 1963 1022 verlio
1995 990 2046 1023 vel

172 1047 205 1079 iu
233 1048 379 1091 scriptis,
409 1050 526 1079 contra
558 1047 742 1092 predictam
774 1050 1044 1081 commissionem
1084 1047 1179 1081 nobis
1215 1047 1335 1081 saetam
1375 1052 1405 1080 et
1437 1053 1662 1093 presentatum
1703 1052 1733 1082 in
1765 1049 1826 1082 liae
1857 1061 1957 1083 causa
1989 1062 2048 1096 pei·

171 1117 271 1140 unum
301 1117 345 1140 ex
375 1107 498 1140 donuni
529 1110 633 1140 nostri
673 1119 758 1153 pape
795 1107 991 1142 cursoribus
1030 1111 1125 1142 citari
1166 1108 1400 1142 mandavimus
1430 1114 1459 1141 et
1493 1109 1632 1143 l'ccimus
1671 1110 1710 1143 ail
1746 1115 1873 1143 certum
1905 1122 2046 1156 pereni-

170 1170 313 1213 ptorium
343 1170 519 1202 terminum
542 1173 801 1214 competentem.
834 1169 867 1202 lu
889 1169 1090 1214 quoquidem
1114 1173 1256 1203 termino
1278 1180 1337 1215 per
1358 1169 1584 1215 supradictum
1607 1174 1803 1214 magistrum
1827 1171 2043 1205 Willielmum

170 1228 240 1263 Leo
278 1234 531 1275 procuratorem
572 1232 707 1263 nomine
747 1233 982 1275 procuratorio
1021 1242 1086 1276 quo
1125 1242 1238 1276 supra.
1275 1230 1432 1264 antedicti
1471 1234 1621 1275 magistri
1661 1232 1806 1266 conradi
1844 1233 1884 1265 ‹le
1924 1232 2046 1278 Lapitle

170 1292 400 1336 procuratoris
429 1289 594 1324 substituti
625 1301 667 1324 ex
698 1291 845 1324 adverso
875 1302 939 1324 non
961 1294 1189 1337 comparentis
1219 1302 1281 1324 nee
1311 1291 1469 1337 quidquid
1493 1292 1598 1325 verlio
1628 1298 1682 1326 aut
1713 1296 1898 1339 inscriptis
1929 1298 2044 1327 contra

171 1349 355 1396 predictam
393 1350 490 1384 nobis
526 1354 557 1384 in
593 1362 694 1385 cansa
735 1351 924 1385 liuiusmotli
964 1352 1083 1385 sactum
1120 1355 1392 1386 commissionem
1433 1353 1546 1387 dicere
1583 1366 1641 1387 scu
1681 1357 1841 1400 excipere
1885 1360 2044 1390 curamus.

170 1415 382 1446 contumacia
413 1417 570 1446 accusata
600 1424 638 1445 ac
670 1424 729 1457 per
759 1424 819 1446 nos
851 1413 889 1446 ail
921 1413 1073 1456 ejusdem
1105 1416 1255 1457 magistri
1287 1413 1459 1448 Willielmi
1491 1414 1558 1448 Leo
1594 1419 1821 1460 procuratoris
1852 1421 2043 1460 requestum

170 1483 231 1519 pro
259 1477 471 1509 contumace.
501 1473 610 1519 quoad
640 1479 749 1507 actum
780 1479 811 1507 et
833 1477 1009 1508 terminum
1041 1473 1241 1508 huiusmodi.
1273 1474 1589 1519 mediantejusticia
1612 1481 1783 1522 reputato:
1816 1476 2042 1522 exhibitisque

172 1533 249 1568 inde
277 1537 476 1569 successive
515 1546 576 1580 per
605 1531 775 1580 ‘prelatum
814 1538 1009 1573 magistrum
1041 1535 1259 1570 Willielmum
1293 1536 1360 1570 Leo
1391 1542 1645 1582 procuratorem
1685 1549 1750 1582 quo
1781 1549 1880 1583 supra
1911 1550 2044 1571 nonime

171 1595 338 1630 nonnullis
367 1598 596 1630 instrumentis
626 1596 767 1642 publicis
806 1608 845 1629 ac
880 1596 1012 1640 juribus
1049 1602 1080 1630 et
1111 1600 1322 1631 munimentis
1352 1609 1483 1631 necnon
1515 1598 1754 1643 posit-ionibus.
1795 1599 1942 1632 articulis
1985 1610 2044 1645 pro

170 1655 411 1691 verifieacione
439 1657 608 1691 antedicte
639 1657 734 1691 nobis
762 1658 848 1691 facte
878 1661 1138 1692 commissionis.
1170 1669 1301 1692 necnon
1332 1658 1372 1692 ad
1395 1659 1548 1692 ell'ectum
1571 1659 1799 1693 absolucionis
1829 1671 1845 1692 a
1877 1663 2043 1705 pretensis

169 1721 538 1753 excommunicacionis
567 1722 749 1752 sentenciis
780 1722 810 1752 in
842 1720 990 1764 prelatos
1020 1719 1173 1752 ‹louiinos
1201 1719 1364 1753 Jaeobum
1387 1720 1547 1754 Cremsir.
1580 1719 1733 1764 Egidunn
1765 1726 1794 1753 et
1817 1721 2041 1754 t'liristiannm

170 1778 212 1813 de
242 1778 389 1822 Brunnn,
418 1778 582 1813 Jacobum
624 1780 664 1813 (le
695 1780 844 1813 ‹istm-ia.
885 1779 1031 1813 l'lricum
1072 1780 1226 1814 Gracilis.
1259 1779 1390 1814 l'etrum
1423 1782 1594 1825 symonis.
1628 1781 1800 1815 Nicolaum
1834 1781 2041 1827 uuam-tun.

170 1838 386 1875 Franciscum
417 1839 459 1874 de
488 1840 652 1886 Budwys.
681 1840 869 1874 Jolianneni
900 1841 941 1874 ‹le
972 1841 1169 1887 Welspycz.
1200 1841 1386 1875 Juliannem
1410 1842 1450 1875 ‹le
1482 1841 1674 1876 Wnkwtcz.
1707 1841 1879 1876 Nicolaum
1903 1842 2041 1875 Orliaw.

169 1900 391 1948 presbyteros
433 1902 617 1937 seculares.
662 1902 804 1935 Crucem
849 1907 1133 1947 campauatorein.
1185 1902 1360 1936 Martinam
1406 1903 1565 1936 lectorem
1618 1906 1646 1936 iu
1691 1914 1780 1936 novo
1825 1908 2041 1936 monasterio.

170 1960 413 1997 wenceslaum
443 1966 473 1997 in
504 1967 609 1997 sancti
640 1962 814 1997 Michaelis
845 1966 975 2009 priores
1005 1968 1035 1995 et
1069 1962 1260 1997 Baskonem
1291 1964 1509 2008 ‹putriliauum
1540 1967 1645 1997 sancti
1677 1963 1839 1997 Joliamiis
1870 1963 2040 2010 predictos

169 2028 202 2057 ut
232 2023 440 2070 pretenditur
469 2023 555 2059 latiS.
585 2035 715 2057 necnon
748 2029 779 2057 ut
811 2024 984 2057 interdicta
1016 2027 1045 2057 in
1077 2025 1169 2057 locis.
1201 2024 1240 2057 :ul
1271 2036 1334 2069 que
1365 2028 1454 2070 ipsos
1476 2036 1606 2058 necnon
1639 2025 1867 2059 venerabilem
1899 2031 1928 2057 et
1958 2026 2042 2059 reli-

169 2088 301 2129 giosam
330 2084 498 2119 dominam
530 2085 735 2119 Dorotlieam
775 2090 806 2117 et
837 2085 1009 2118 Nicolaum
1042 2084 1162 2118 l’olack
1204 2089 1306 2131 ipsius
1337 2086 1471 2119 domine
1507 2085 1674 2119 aliliatisse
1705 2087 1914 2132 capellanum
1947 2090 2044 2132 prin-

169 2145 296 2192 cipates
324 2145 495 2180 declinare
525 2150 738 2186 contingeret
779 2151 885 2180 eciam
918 2151 948 2179 ut
980 2146 1188 2192 pretenditur
1225 2152 1328 2191 posita
1370 2158 1429 2192 per
1469 2147 1695 2181 venerabilem
1737 2151 1843 2181 virum
1875 2148 2042 2181 ‹tonuuum

169 2205 326 2241 abbatem
357 2211 550 2242 monasterii
566 2207 900 2242 Zadwortlinicensis
917 2208 1042 2241 ordinis
1062 2207 1395 2242 l'remonstratensis.
1429 2209 1662 2242 relaxarentur
1680 2209 1768 2242 l'ucto
1798 2214 1827 2241 et
1861 2212 2045 2254 inscriptis

172 2266 334 2302 exhibitis
362 2273 394 2302 et
424 2269 605 2314 productis,
636 2281 776 2314 quorum
799 2269 1014 2302 articulorum
1046 2273 1143 2302 tenor
1174 2272 1324 2313 sequitui·
1344 2274 1374 2301 et
1396 2275 1445 2302 est
1468 2270 1559 2302 talis:
1595 2269 1633 2303 t't
1665 2281 1727 2304 vos
1757 2270 1890 2304 domine
1913 2270 2044 2303 aiulitor

170 2327 386 2363 honorabiles
415 2333 508 2363 viros
537 2330 690 2364 dominos
718 2330 882 2364 Jacolium
922 2330 1081 2363 Cremsir.
1121 2328 1273 2367 linitlium
1313 2334 1343 2362 et
1375 2330 1599 2364 t'liristianum
1631 2330 1671 2363 ‹le
1704 2330 1848 2365 Brutina.
1880 2330 2041 2363 Jacolnum

169 2389 212 2424 de
232 2389 383 2430 Oslavia,
414 2389 561 2424 [trucum
583 2390 759 2425 Gracialis.
792 2391 922 2424 l'etrum
947 2391 1118 2435 Smiouis.
1152 2389 1324 2423 Nicolaum
1349 2390 1556 2435 Waygelini.
1581 2391 1797 2425 l·'rauciscum
1819 2392 1859 2424 ‹le
1878 2391 2040 2435 ltmlwys.

167 2449 356 2485 Jotmnnem
386 2451 427 2484 de
450 2450 646 2497 U'elspycz.
676 2451 864 2485 Julianneni
896 2452 936 2484 ‹le
961 2450 1164 2496 Woltwycz.
1198 2450 1369 2484 Nicolaum
1400 2452 1440 2484 ‹le
1464 2451 1590 2485 tlrliaw
1618 2451 1837 2497 presltheros
1858 2452 2040 2485 seculares.

169 2511 314 2546 Crucem
343 2517 630 2558 companatorem.
662 2512 838 2547 Martinam
862 2513 1035 2546 lectorem.
1067 2510 1255 2545 Joliannem
1279 2516 1356 2545 novi
1388 2516 1594 2547 monasterii.
1619 2512 1856 2546 Wenceslunm
1885 2516 1914 2546 in
1937 2517 2040 2546 sancti

168 2570 343 2607 Michaelis
382 2576 512 2619 priores
550 2578 581 2606 et
621 2573 813 2608 Buskoneni
853 2574 1071 2619 qiiarclianum
1113 2584 1143 2606 in
1182 2575 1286 2606 sancti
1322 2572 1485 2606 Jotmunis
1525 2577 1736 2607 monasteriis
1777 2573 2040 2607 Bruuiiensiluis.

169 2632 404 2667 olomucensis
435 2633 581 2668 diocesis
610 2638 709 2679 atque
739 2637 818 2680 ipsis
848 2634 1095 2667 condheri-ntes
1126 2633 1167 2666 al»
1197 2637 1564 2667 excommumcacioms
1595 2638 1786 2667 sentenciis.
1830 2638 1858 2667 in
1894 2647 1952 2667 eos
1984 2645 2043 2679 per

168 2692 338 2728 dominum
370 2693 577 2728 Bernardum
608 2700 802 2741 pri-tensum
831 2695 984 2728 amma-111
1017 2697 1209 2728 :nonasterii
1231 2693 1541 2728 Zuwortliuicensis
1571 2694 1698 2728 ordinis
1722 2694 2041 2728 l'remonstratensis
