2347 3153
1272 215 1347 250 ‘228

373 321 513 354 salutem
553 323 584 354 in
624 321 758 354 domiuo
796 323 1046 366 sempiternam.
1095 320 1279 363 Nerei-itis,
1319 319 1406 365 quod
1442 330 1550 365 nuper
1587 323 1818 355 sanctissimus
1856 322 1888 354 in
1927 319 2061 355 Christo
2090 325 2186 367 pater
2213 325 2247 356 et,

374 382 527 415 dominus
557 386 682 417 noster.
724 382 875 415 domitius
908 381 1100 415 Bonifacius
1136 381 1248 414 divina
1278 380 1498 427 providencia
1528 391 1611 426 papa
1652 392 1760 415 nonus
1797 381 1963 426 quandam
1999 384 2245 417 commissionis

373 446 446 476 sive
476 443 733 488 supplicacioiiis
764 443 914 476 cedulam
945 442 1040 475 nobis
1070 453 1130 487 per
1159 446 1288 476 certum
1318 452 1414 475 suum
1444 452 1620 475 cursorem
1648 444 1838 487 presentari
1857 441 1950 486 fecit,
1970 453 2070 488 quam
2089 453 2152 477 nos
2171 453 2246 477 cum

373 516 411 537 ea
442 515 505 549 qua
536 504 645 537 decuit
675 506 874 537 reverencia
906 506 1105 548 recepimus,
1138 502 1326 536 huiusmodi
1355 502 1416 536 sub
1446 507 1585 536 tenore:

528 564 730 598 Beatissime
769 569 874 610 pater.
914 566 1067 608 quamvis
1103 563 1317 597 venerabiles
1356 568 1388 597 et
1426 563 1585 609 religiose
1624 564 1758 598 domine
1796 562 1964 598 abbatissa
1994 568 2027 599 et
2055 569 2244 600 conventus

373 628 565 659 monasterii
597 625 693 659 beate
722 624 829 659 Marte
861 625 900 657 de
931 623 1070 658 Oslavia
1099 624 1227 658 ordinis
1257 623 1496 658 Cisterciensis
1526 624 1762 659 Olomucensis
1800 625 1956 670 diocesis,
1994 625 2242 672 parrochialem

374 687 551 719 ecelesiam
592 688 698 719 saneti
736 685 854 719 Jaeobi
894 685 934 718 de
973 685 1081 730 burgo
1122 685 1310 719 Brunnensi
1350 685 1502 730 ejusdem
1541 685 1698 729 diocesis,
1738 690 1904 731 tamquam
1934 688 1983 720 cis
2013 686 2182 721 ordinaria
2211 690 2244 721 et

373 750 478 781 eciam
510 747 693 792 apostolica
725 746 976 780 auetoritatibus
1006 749 1270 792 incorporataim
1300 757 1362 792 per
1391 746 1548 780 nonnulla
1579 751 1730 792 tempora
1761 747 1962 792 possiderint
1982 751 2083 793 atque
2103 747 2244 782 eandem

373 820 432 854 per
462 813 573 841 certos
604 819 683 841 suos
717 807 922 853 capellanos,
960 807 1119 841 videlicet
1166 807 1341 841 Nicolaum
1371 806 1507 849 Polach‚
1550 807 1725 841 Nicolaum
1755 807 1931 854 Wayglini
1960 819 2000 842 ac
2026 807 2184 854 Egidium
2213 813 2246 843 et

374 870 572 903 Cristianum
613 869 653 902 de
689 868 823 902 Brunna
859 872 891 902 in
931 869 1052 903 divinis
1090 868 1301 902 laudabiliter
1339 872 1412 914 regi
1451 868 1615 911 fecerint3
1653 868 1890 904 nichilominus
1929 873 2040 903 tamen
2070 867 2175 904 Sulko
2204 869 2246 904 de

373 930 538 964 Radkow.
561 929 662 963 Jeska
701 928 762 976 sic)
782 929 930 973 11r11ska‚
952 929 1178 964 Wenceslaus
1198 930 1279 973 Has,
1302 930 1435 976 quidam
1457 929 1564 964 dictus
1584 929 1696 963 Hinko
1716 934 1748 963 ct
1768 929 1866 964 Fricz
1885 929 1997 965 Judex
2017 941 2056 964 ac
2075 941 2244 976 precones

373 992 448 1025 dieti
478 991 565 1036 opidi
596 994 626 1024 in
657 990 790 1024 Brunna
822 1001 896 1024 cum
926 991 1091 1024 nonnullis
1121 991 1192 1025 aliis
1221 993 1289 1025 suis
1319 994 1351 1025 in
1381 991 1444 1025 hac
1473 995 1567 1037 parte
1597 990 1817 1037 complicibus
1853 991 1894 1024 de
1930 1001 2047 1025 mense
2087 990 2244 1027 Octobris

372 1056 447 1085 anni
477 1052 600 1085 (lomini
631 1051 795 1085 millesimi
825 1052 1148 1097 quadringentesimi
1178 1055 1274 1098 primi
1305 1052 1415 1086 dotem
1447 1052 1533 1086 dicte
1563 1052 1723 1097 ecclesie,
1753 1055 1785 1086 in
1805 1063 1869 1098 qua
1890 1056 2050 1098 protunc
2069 1051 2243 1086 Dorothea

372 1113 550 1156 abbatissa
592 1112 763 1146 Elizabetli
803 1116 962 1158 priorissa
993 1118 1023 1146 et
1054 1113 1227 1147 Elizabeth
1259 1113 1439 1147 infirmaria
1470 1113 1620 1147 eiusdem
1651 1116 1844 1147 monasterii
1874 1124 1934 1159 pro
1965 1113 2155 1158 hujusmodi
2183 1124 2243 1149 sua

372 1178 586 1221 possessione
625 1174 848 1208 continuanda
889 1174 1090 1217 resideruin,
1125 1179 1252 1208 armata
1293 1186 1392 1208 manu
1429 1179 1649 1208 accesserunt
1686 1179 1719 1208 et
1748 1177 1851 1220 ipsius
1889 1177 1995 1221 portis
2029 1173 2183 1209 vectibus
2212 1178 2246 1209 et

372 1239 455 1269 seris
484 1236 556 1268 aliis
587 1235 733 1269 effractis
762 1234 991 1269 subintrarunt
1021 1241 1051 1269 et
1081 1236 1217 1269 casdem
1248 1235 1399 1270 dominas
1428 1235 1677 1270 abbatissimam
1706 1238 1904 1282 priorissam
1933 1240 1966 1270 et
1986 1235 2246 1282 subpriorissam

372 1297 411 1330 de
448 1296 523 1329 dote
562 1296 679 1329 eadem
720 1299 753 1330 vi
792 1301 823 1330 et
864 1297 1030 1331 violenter
1068 1300 1253 1339 eiecerant7
1292 1308 1423 1330 necnon
1463 1300 1494 1331 in
1534 1297 1640 1331 dictos
1669 1308 1748 1331 suos
1777 1296 1993 1344 cappellanos
2021 1296 2246 1331 inhumaniter

373 1362 537 1391 irruerunt
569 1360 727 1403 ipsosque
758 1360 968 1403 captiverunt
999 1362 1029 1391 et
1061 1361 1214 1403 captivos
1244 1370 1359 1392 seeum
1390 1357 1522 1404 publice
1552 1358 1765 1392 abduxerunt
1794 1361 1826 1392 in
1850 1368 1917 1392 non
1938 1357 2104 1392 modicum
2127 1357 2245 1392 eccle-

372 1422 505 1452 siastice
523 1418 683 1452 libertatis
699 1418 919 1464 prejudicium
937 1423 967 1452 et
990 1419 1197 1453 dominarum
1220 1418 1389 1453 abbatisse
1411 1424 1441 1453 et
1463 1424 1651 1453 conventus
1671 1424 1704 1453 et
1723 1418 1996 1465 cappellanorum
2017 1418 2245 1465 predictorum

374 1480 610 1513 verecundiam
650 1484 681 1513 et
714 1481 901 1524 jacturamf.
938 1484 969 1513 et
1008 1479 1071 1514 hiis
1109 1491 1174 1514 non
1214 1484 1361 1515 contenti
1399 1481 1535 1515 easdem
1566 1481 1718 1514 dominas
1747 1480 1949 1514 abbatissam
1979 1484 2011 1514 et
2039 1483 2244 1515 conventum

372 1541 547 1574 commodo
591 1543 817 1586 possessionis
860 1540 1083 1586 parrochialis
1127 1541 1272 1575 ecclesie
1315 1553 1355 1575 ac
1397 1542 1482 1575 dotis
1524 1542 1751 1588 predictarum
1787 1541 1975 1588 spoliarunt
2012 1546 2044 1575 et
2082 1540 2245 1587 quosdam

370 1601 557 1635 ,Iohannem
596 1606 627 1635 et
663 1601 852 1635 Henilinum
893 1601 1096 1635 Brasiatoris
1135 1602 1175 1636 de
1204 1602 1353 1646 Brutina,
1383 1607 1545 1648 gerentes
1575 1614 1612 1637 se
1641 1614 1702 1649 pro
1732 1602 1940 1649 presbyteris
1970 1602 2057 1637 dicte
2086 1601 2245 1645 diocesis,

373 1666 623 1709 premissorum,
647 1668 678 1696 ut
699 1663 858 1706 ereditur,
888 1666 1045 1697 conscios
1075 1666 1107 1697 in
1137 1663 1272 1697 easdem
1302 1667 1522 1707 intruserunt,
1552 1667 1607 1710 qui
1637 1666 1811 1698 intrusioni
1842 1663 2030 1698 huiusmodi
2059 1667 2246 1698 annuentes

373 1736 443 1757 «ream
484 1729 606 1757 extunc
644 1727 799 1757 continue
838 1727 919 1758 citra
960 1728 1209 1768 continuarunt7
1250 1729 1346 1771 prout
1385 1728 1491 1759 eciam
1529 1728 1722 1759 continuant
1760 1725 1800 1759 de
1842 1727 2002 1771 presenti.
2050 1723 2102 1759 Ne
2144 1727 2246 1770 igitur

372 1785 561 1818 lwatissime
593 1790 687 1831 pater
717 1788 893 1831 premissa,
937 1797 1002 1830 que
1031 1790 1105 1820 sunt
1143 1797 1197 1819 res
1228 1786 1302 1819 mali
1340 1787 1498 1832 exempli,
1527 1791 1764 1832 pertranseant
1793 1788 1964 1832 impunita,
1994 1785 2199 1832 supplicatur
2227 1796 2246 1819 e

372 1858 398 1879 s.
441 1858 471 1879 v.
512 1858 571 1892 pro
608 1851 702 1892 parte
738 1846 906 1880 abbatisse
946 1852 976 1880 et
1005 1852 1194 1881 conventus
1232 1858 1272 1880 ac
1310 1847 1559 1894 capellanorum
1600 1847 1839 1893 predictorum,
1873 1851 2037 1892 quatenus
2066 1856 2184 1882 omnes
2213 1850 2245 1881 et

372 1908 520 1951 singulas·
550 1918 684 1941 eausam
717 1912 748 1941 et
778 1919 897 1941 causas
928 1912 991 1941 tam
1032 1908 1151 1942 civiles
1181 1919 1279 1953 quam
1311 1909 1514 1951 criminales,
1545 1919 1644 1954 quam
1674 1920 1734 1942 seu
1772 1919 1854 1954 quas
1892 1909 2097 1952 conjunctim
2136 1910 2244 1942 eciam

373 1968 501 2001 divisim
533 1973 667 2002 monent
698 1980 757 2002 seu
788 1980 926 2002 monere
956 1969 1141 2012 intendunt,
1173 1974 1288 2003 contra
1319 1974 1349 2003 et
1380 1970 1546 2003 adversus
1580 1968 1768 2003 Joliannem
1807 1973 1839 2002 et
1877 1968 2058 2002 Henlinum
2097 1971 2242 2003 intrusos

374 2041 501 2063 necnon
533 2029 729 2073 Sulkoncm,
758 2030 955 2071 Jeskonmn,
986 2030 1240 2073 Wenceslaum,
1272 2030 1458 2064 Hinconem
1488 2030 1586 2064 Fricz
1615 2029 1767 2064 Judicem
1794 2034 1825 2063 et
1846 2040 2014 2075 precones
2039 2034 2244 2064 memoratos

374 2095 400 2120 --t
433 2102 650 2136 ‹pioscunque
681 2091 765 2124 alios
795 2103 854 2125 sua
885 2095 1108 2125 comunniiter
1145 2092 1199 2125 vel
1237 2091 1368 2126 divisim
1409 2094 1573 2125 interesse
1612 2096 1778 2137 putantes,
1809 2091 1849 2124 dc
1879 2095 1911 2124 ct
1940 2101 2042 2137 snper
2070 2093 2245 2137 premissis

373 2159 399 2180 et
434 2155 578 2196 ipsorum
614 2155 794 2185 occasione
833 2152 929 2185 alicui
971 2164 1014 2186 ex
1045 2152 1295 2186 venerabilibus
1324 2155 1406 2187 viris
1436 2153 1579 2186 ‹louiinis
1609 2155 1714 2186 vestri
1745 2154 1831 2186 sacri
1862 2151 2245 2198 apostolici‘causarum

373 2213 489 2257 pulavit
521 2213 726 2246 :molitoribus
757 2216 967 2247 connnitlere
998 2213 1179 2257 digni-mini
1210 2214 1422 2253 :1=1‹ti‹›11‹111n¹.,
1444 2213 1732 2258 cognoscendum,
1754 2212 1974 2247 decidendum
1997 2217 2029 2246 et
2049 2211 2114 2247 fine
2134 2212 2245 2248 debito

374 2274 615 2307 teratintunluiu
647 2286 720 2307 cum
751 2274 904 2308 omnibus
936 2279 963 2307 et
987 2274 1127 2317 singulis
1148 2278 1216 2308 suis
1243 2278 1479 2320 emergente-iis,
1511 2275 1716 2315 incidenciis,
1748 2273 1988 2320 dependenciis
2017 2278 2051 2307 et
2078 2276 2244 2308 connexis

374 2339 400 2365 et
435 2347 506 2367 euin
539 2340 702 2379 potestate
733 2336 852 2369 citandi
875 2347 935 2368 sex
964 2336 1221 2381 principaliores
1242 2336 1466 2382 personaliter
1486 2340 1517 2369 et
1538 2336 1620 2369 alios
1642 2335 1790 2380 legitime
1812 2339 1845 2368 ot
1865 2345 1984 2369 omnes
2004 2345 2066 2381 per
2085 2334 2242 2379 edictum,

373 2407 445 2427 cuin
477 2395 515 2427 :nl
549 2396 733 2429 huiusmodi
765 2396 916 2429 citandos
947 2408 1011 2430 non
1043 2401 1152 2442 pateat
1184 2396 1280 2430 dictis
1310 2397 1557 2443 exponentibus
1587 2401 1674 2430 tutus
1703 2407 1863 2430 accessus
1884 2407 1945 2442 pro
1966 2398 2132 2430 citracione
2153 2406 2240 2430 exe-

373 2458 524 2500 qiu-ndu:
564 2457 775 2490 statuendum
816 2469 948 2502 quoque
984 2457 1127 2492 Jolianni
1169 2463 1199 2492 et
1240 2458 1383 2492 Henlino
1422 2461 1557 2492 intrusis
1594 2460 1787 2492 memoratis
1831 2461 1959 2490 certum
1997 2460 2245 2503 competentem

375 2522 562 2550 {ernanum
596 2518 677 2550 iul'ra
710 2530 806 2563 quem
838 2518 898 2552 sub
930 2522 1295 2553 excounntntieacionis
1325 2519 1408 2565 (sic)
1439 2524 1468 2553 et
1500 2521 1696 2565 privacione
1727 2517 1978 2561 beneficiorum,
2000 2528 2064 2563 quc
2085 2516 2246 2561 obtinent,

373 2590 411 2611 ac
442 2578 710 2612 inliabilitm-ione
742 2579 781 2612 ad
813 2579 992 2613 obtim.·nda
1024 2585 1053 2613 et
1086 2580 1173 2614 mille
1205 2591 1393 2614 marcarum
1423 2582 1553 2625 argenti
1585 2582 1669 2626 puri,
1699 2582 1817 2625 partim
1849 2589 1984 2613 camere
2011 2578 2197 2625 apostolice
2217 2582 2250 2612 et

373 2642 489 2684 parlim
523 2639 616 2671 ‹lu-te
649 2640 893 2685 exponentibus
924 2641 1209 2686 applicandarum,
1240 2644 1491 2687 possessionem
1531 2641 1618 2674 dicte
1656 2640 1877 2686 parrochialis
1919 2639 2064 2674 ecclesie
2102 2649 2246 2674 vacuam

373 2705 401 2731 et
443 2700 631 2745 expeditum
673 2701 832 2734 ‹limittant
874 2705 903 2734 et
945 2706 1154 2748 exponentes
1193 2705 1272 2748 ipsis
1309 2701 1435 2735 fructus
1472 2706 1503 2735 et
1543 2701 1766 2736 emolumenta
1806 2712 1823 2735 a
1863 2705 2014 2747 tempore
2047 2702 2240 2736 intrusionis
