2347 3153
1046 192 1120 226 423

148 297 346 332 adversario
377 299 407 330 in
437 294 584 342 partibas
614 294 725 329 debite
755 298 914 330 intimate.
945 299 1083 342 ipsaque
1112 307 1213 330 causa
1244 296 1283 330 ad
1314 300 1440 330 curiam
1463 296 1647 330 Romanam
1679 297 1826 341 legitime
1857 297 2016 331 devoluta

149 361 311 393 existeret
341 362 373 391 et
402 357 576 403 penderet.
607 361 703 402 prout
739 357 858 402 pendet
897 357 1055 391 indecisa.
1098 356 1342 391 Nichiloiuinus
1381 363 1490 392 tamen
1529 358 1637 391 dictus
1668 357 1771 404 Myko
1801 358 2018 392 adversarius

149 419 234 454 dicta
264 419 320 453 lite
349 421 397 452 sic
433 418 599 464 pendente
638 417 785 451 indecisa
825 429 863 451 ac
903 422 974 463 post
1015 422 1045 451 et
1084 423 1200 452 contra
1239 418 1474 453 inliibicionem
1515 419 1711 465 predictam-
1752 422 1927 452 associatis
1958 419 2018 453 sibi

149 479 318 515 nonnullis
347 478 564 525 complicibus
593 481 674 513 suis.
704 482 845 512 accessit
876 479 915 511 ad
949 478 1069 512 dictam
1100 479 1345 525 parrochialem
1367 480 1546 514 ecclesiam
1577 492 1615 513 ac
1646 480 1757 514 dotem
1788 483 1890 526 ipsius
1921 492 2018 514 mana

149 546 276 576 armata
306 543 429 575 invasit
458 544 489 574 ct
519 539 686 573 violenter
716 539 830 573 fractis
860 543 964 585 portis
994 540 1080 573 dotis
1109 540 1258 574 eiusdem
1290 540 1510 586 parrochialis
1548 541 1694 575 ecclesie
1723 541 1763 574 de
1794 541 1911 574 cadem
1942 541 2019 574 dote

150 605 262 645 eiecit,
290 613 330 636 ac
360 601 455 636 blada
486 603 589 646 ipsius
617 600 763 634 ecclesie
802 606 878 634 tunc
908 599 1031 634 ibidem
1061 604 1261 636 existencia.
1292 602 1514 647 quadraginta
1546 613 1677 636 mai-cas
1706 613 1905 647 grossorum
1937 613 2020 648 pra-

149 666 303 710 gensium
334 667 367 696 et
395 662 479 696 ulti-a
509 662 662 696 valencia
692 664 818 707 recepit
849 673 888 694 ac
919 661 994 695 inde
1024 665 1208 708 asportavit
1239 667 1269 695 et
1301 666 1332 696 in
1362 674 1442 697 suos
1463 674 1541 697 usas
1563 662 1818 709 dampnabiliter
1839 666 2019 705 convertit,

151 729 183 759 et
212 726 384 771 premissis
413 734 479 757 non
509 727 684 757 contentus
714 722 772 756 sed
810 734 997 766 gravamen
1027 722 1282 766 gravaminibus
1311 723 1464 757 addendo
1494 728 1650 770 pretextu
1680 724 1844 758 dictorum
1876 736 2022 770 preces-

151 796 266 820 sorum
294 796 431 820 suoram
461 794 695 831 processuum.
724 794 742 816 a
773 782 904 828 quibus.
936 788 967 816 at
998 787 1196 829 premissam
1227 789 1288 818 est.
1321 784 1648 831 fueratappellatuai
1671 785 1911 819 nonobstante
1932 785 2018 819 dicta

152 846 354 882 inhibicione
383 850 414 879 et
444 845 510 879 litis
540 844 738 891 pendencia.
770 848 964 890 procuravit
994 850 1023 877 et
1055 845 1132 878 fecit
1162 845 1299 878 eosdem
1331 850 1541 892 exponentes
1571 857 1630 891 per
1668 847 1822 880 diversas
1860 846 2023 880 ecclesias

150 907 307 944 noi-avie
336 906 532 941 denunciari
571 908 848 939 excomunicatos
878 908 909 939 in
950 909 1097 951 ipsoram
1137 909 1383 952 exponencium
1424 909 1604 940 maximum
1644 907 1850 941 scandalum.
1891 918 2022 941 necnon

151 971 306 1004 iniuriam
344 972 375 1002 et
413 967 658 1002 confusionem.
716 965 755 1000 Et
795 970 932 1012 propter
971 967 1054 1000 tales
1093 966 1375 1001 denunciat-iones
1423 970 1482 1013 ipsi
1527 973 1736 1014 exponentes
1779 971 1947 1002 evitantur
1992 972 2025 1001 et

152 1034 291 1078 propter
328 1027 426 1062 talem
464 1030 689 1061 evitacionem
726 1038 790 1060 non
829 1027 951 1060 audent
990 1030 1084 1060 exire
1121 1028 1300 1061 claustram
1341 1039 1471 1062 eorum.
1529 1027 1578 1062 Ne
1617 1033 1726 1062 autem
1757 1034 1855 1075 pater
1883 1040 1909 1062 s.
1942 1028 2025 1062 tales

154 1094 409 1138 presumptores
437 1100 476 1122 ac
506 1088 737 1123 mandatorum
768 1088 1029 1134 apostolicorum
1060 1093 1313 1135 contemptores
1344 1089 1477 1123 valcant
1507 1089 1548 1123 dc
1577 1101 1693 1123 corum
1725 1090 1855 1124 malicia
1885 1090 2024 1135 gloriari

153 1157 187 1189 et
213 1150 426 1187 commodam
458 1154 645 1197 reportare.
676 1149 839 1195 supplicat
879 1152 980 1194 igitui-
1009 1162 1037 1181 e.
1070 1162 1095 1183 s.
1129 1162 1159 1183 ι’.
1199 1161 1259 1196 pro
1297 1154 1390 1196 pai-te
1427 1150 1611 1184 coi-undeni
1643 1155 1904 1198 exponeaciam.
1935 1163 2023 1197 qua—

155 1218 254 1248 tenus
282 1223 418 1247 causam
447 1216 480 1246 et
508 1222 642 1245 causas-
681 1221 779 1256 quam
810 1215 839 1244 ct
871 1221 954 1255 quas
984 1213 1043 1256 ipsi
1074 1216 1285 1256 exponentes
1315 1216 1450 1245 movent
1473 1223 1532 1245 seu
1554 1223 1694 1245 movere
1716 1212 1885 1246 intendant
1908 1216 2024 1245 contra

155 1279 189 1309 et
223 1273 392 1308 adversus
429 1272 552 1306 dicium
582 1270 765 1317 Mykonem
805 1271 846 1305 de
882 1276 913 1304 et
952 1283 1054 1317 saper
1089 1271 1330 1310 invasionibus,
1368 1272 1610 1307 eicccionibiis.
1649 1272 1946 1307 denunciatoribas
1985 1285 2023 1306 ac

156 1336 285 1370 iniuriis
321 1338 354 1368 et
391 1333 465 1367 aliis
502 1335 740 1379 suprascriptis
778 1335 980 1366 coniunctim
1020 1338 1050 1365 ct
1088 1333 1219 1367 divisim
1259 1338 1290 1366 et
1331 1336 1475 1379 ipsarum
1514 1337 1695 1368 occasione
1735 1333 1919 1368 venerabili
1952 1336 2025 1367 viro

158 1396 294 1431 domino
322 1394 468 1430 ,Iohanni
504 1393 680 1436 Gatzcow,
721 1393 797 1427 dicti
836 1393 952 1439 palacii
990 1404 1166 1426 causarum
1204 1394 1358 1431 auditori.
1398 1406 1511 1428 coram
1551 1406 1616 1440 quo
1656 1406 1756 1429 causa
1787 1395 1874 1429 dicte
1904 1395 2027 1441 appel-—

161 1457 302 1492 tacionis
329 1456 371 1490 de
401 1459 548 1502 presenti
569 1455 692 1501 pendet
714 1455 861 1489 indecisa
889 1458 1111 1488 committere.
1134 1467 1174 1488 ne
1196 1466 1373 1489 causarum
1403 1458 1616 1489 contiiiencie
1646 1456 1849 1490 dividantur.
1881 1455 2029 1490 audien—

156 1518 233 1552 dum
268 1516 556 1562 cognoscendum.
599 1515 821 1550 decidendum
852 1521 884 1549 et
913 1519 984 1549 sini.-
1015 1515 1125 1549 debito
1157 1515 1400 1550 terminandam
1431 1528 1505 1550 cam
1536 1516 1689 1550 omnibus
1718 1522 1749 1550 et
1785 1517 1924 1562 singulis
1959 1520 2028 1551 suis

157 1580 396 1623 emergendis,
426 1576 632 1617 incidemus,
664 1576 903 1622 dependi-neiis
933 1581 963 1609 et
993 1579 1169 1610 connexis.
1200 1588 1330 1610 aei-noa
1362 1578 1521 1610 mandare
1551 1577 1672 1619 eidem,
1703 1577 1790 1623 quod
1821 1581 1847 1611 si
1878 1577 1938 1611 sibi
1970 1589 2030 1623 pei·

156 1641 372 1674 summai-iam
410 1638 688 1672 informacionem
727 1640 914 1671 constiterit
945 1637 985 1670 de
1016 1638 1068 1670 tali
1099 1642 1290 1683 contemptu
1322 1638 1408 1671 l'acto
1439 1643 1512 1684 post
1541 1644 1573 1671 ct
1603 1643 1719 1672 contra
1750 1639 1870 1672 dictam
1903 1638 2031 1673 inbibi-

157 1702 300 1739 cionem.
330 1702 410 1734 citet
438 1698 582 1733 eundem
611 1697 795 1744 Mykonein
826 1698 1052 1745 personaliter
1081 1702 1111 1731 ia
1142 1702 1233 1732 caria
1272 1703 1303 1731 et
1342 1704 1437 1732 cxii-a
1469 1703 1499 1732 et
1529 1699 1569 1732 ad
1601 1704 1725 1746 partes.
1756 1703 1917 1745 quociens
1947 1711 2031 1746 opus

159 1763 235 1803 erit,
265 1763 440 1807 ipsumque
469 1763 579 1807 privet
605 1761 694 1804 jure.
724 1760 858 1805 siquod
890 1759 988 1793 babet
1019 1762 1049 1793 iii
1079 1760 1165 1792 dicta
1196 1759 1397 1805 parrochiali
1419 1760 1575 1794 ecclesia.
1596 1760 1635 1793 ad
1667 1760 1776 1795 linem.
1800 1760 1886 1806 qaod
1909 1764 2032 1795 ceteris

161 1821 280 1857 similia
310 1821 594 1856 committentibus
624 1821 735 1855 valeat
766 1823 908 1855 transire
944 1823 974 1854 in
1005 1820 1209 1865 exemplum.
1247 1831 1320 1854 cam
1353 1825 1517 1866 potestate
1546 1820 1743 1854 absolvendi
1774 1822 1881 1855 dictos
1910 1833 2026 1867 expo-

161 1887 281 1919 nentes
315 1883 511 1930 simpliciter
549 1882 603 1916 vel
641 1882 680 1916 ad
712 1882 875 1916 cautelam
908 1893 972 1915 noa
1003 1881 1168 1916 obstante.
1208 1882 1294 1926 quod
1335 1881 1420 1915 l'ortc
1450 1893 1551 1915 cause
1582 1881 1768 1915 huiusmodi
1799 1893 1863 1916 noa
1894 1885 1959 1916 sint
1989 1882 2030 1916 ile

160 1947 306 1992 ipsarum
336 1949 453 1978 natura
482 1944 522 1977 ad
562 1946 688 1977 curiam
726 1942 911 1977 Romanam
952 1942 1100 1986 legitime
1136 1942 1306 1976 desolate.
1344 1953 1452 1987 neque
1492 1946 1522 1976 ia
1561 1955 1599 1975 ea
1637 1943 1677 1976 ile
1711 1945 1798 1986 Juris
1827 1946 2030 1977 necessitate

159 2005 332 2040 tractande
361 2009 393 2038 et
423 2004 579 2039 finiende.
619 2007 792 2050 premissis
831 2004 902 2037 aliis
942 2007 971 2037 in
1003 2007 1206 2036 contrariam
1237 2002 1333 2036 eilitis
1363 2014 1427 2036 aon
1457 2003 1666 2037 obstantibus
1697 2003 1960 2049 quibuscunque.
1995 2003 2029 2038 ln

161 2066 227 2101 line
255 2077 341 2101 vero
369 2066 457 2100 dicte
485 2068 733 2099 commissionis
762 2068 835 2098 siv·-
866 2065 1125 2110 supplicaeioiiis
1155 2063 1272 2096 cedati-
1302 2067 1426 2109 scripta
1457 2068 1551 2097 erant
1577 2063 1617 2097 de
1639 2064 1774 2098 iitierius
1796 2076 1913 2098 maniis
1935 2065 2029 2099 litera

160 2126 256 2162 litere
292 2129 458 2173 superiori
497 2128 599 2172 ipsias
637 2125 756 2159 cedule
794 2128 922 2171 penitas
959 2130 988 2157 et
1029 2128 1163 2158 omnino
1205 2125 1352 2159 dissimili
1384 2129 1414 2157 et
1446 2125 1592 2160 diversa.
1625 2125 1686 2158 bec
1719 2125 1821 2159 verba
1854 2125 2030 2159 videlicet:

162 2186 214 2223 De
243 2187 399 2222 mandato
427 2187 550 2220 domini
581 2190 684 2220 nostri
717 2198 800 2233 papi·
830 2186 939 2219 aodiat
971 2185 1102 2230 quidem
1133 2185 1276 2219 auditor.
1308 2189 1397 2220 citet.
1429 2191 1458 2219 iit
1491 2189 1622 2231 petitur.
1660 2189 1765 2220 eciam
1798 2187 2030 2232 personaliter.

162 2251 190 2282 si
219 2250 405 2282 constiterit
435 2252 500 2280 etc.
531 2250 563 2281 in
593 2250 684 2281 curia
715 2252 746 2280 et
777 2252 872 2280 extra
904 2259 942 2279 ac
973 2250 1093 2292 privet.
1125 2251 1156 2278 iit
1188 2250 1319 2292 petitur.
1350 2251 1379 2278 et
1411 2246 1561 2280 absolvat
1597 2252 1807 2292 exponentes
1838 2248 2033 2293 simpliciter

163 2312 197 2343 et
225 2308 266 2343 nd
295 2308 460 2342 cautelam
490 2311 517 2342 si
548 2313 578 2341 et
609 2313 705 2354 prout
731 2309 817 2352 jai-is
848 2313 879 2340 et
904 2310 1072 2351 justiciam
1105 2307 1214 2340 saciat.
1261 2307 1335 2340 i'osi
1374 2307 1602 2352 ciiiasquiilem
1641 2308 1752 2342 ultime
1782 2311 2029 2343 commissionis

162 2371 238 2404 nive
265 2369 525 2415 supplicacionis·
554 2369 672 2402 cedule
711 2371 1000 2415 presi-iiiucionein
1041 2373 1072 2399 et
1103 2371 1338 2413 recepi-ionem
1371 2367 1464 2401 nobi.—⁴
1495 2373 1525 2400 et
1565 2380 1624 2414 per
1653 2380 1724 2403 nos.
1756 2374 1788 2402 iit
1819 2372 2028 2415 premittitur.

165 2429 284 2470 tactas,
314 2429 435 2464 l'uimas
466 2441 526 2476 per
555 2431 735 2463 discretum
768 2434 874 2463 viram
907 2434 1100 2466 tltuutslr'tini
1131 2427 1318 2462 Joliaaneiii
1341 2429 1604 2463 Serimon-nsvin
1636 2433 1666 2463 ia
1698 2429 1848 2464 Romana
1879 2433 1970 2464 caria
2002 2435 2032 2462 et

163 2490 328 2525 diciorum
357 2490 568 2524 dominorum
599 2494 758 2536 prepositi
789 2496 820 2522 et
851 2494 1038 2523 cuuwnin-
1070 2494 1262 2522 monasti-rii
1285 2501 1522 2523 canonicorom
1545 2490 1748 2529 regularium
1771 2491 1811 2524 de
1835 2490 2029 2525 laiiisliroiia

164 2550 293 2585 ordinis
333 2555 437 2584 sancti
483 2551 662 2589 Augustini
702 2551 931 2596 principalium
977 2562 1006 2583 ia
1051 2551 1145 2582 dietis
1190 2550 1285 2583 nobis
1330 2549 1425 2583 sai-tis
1468 2550 1760 2585 commissionibus
1803 2552 2032 2597 principaliter

166 2615 410 2647 nominatorum
442 2612 618 2656 syndicum
649 2616 679 2644 et
717 2617 981 2657 proi-aratorem.
1023 2615 1115 2656 proiit
1158 2611 1198 2643 de
1229 2622 1330 2656 ip—iiis
1360 2611 1553 2655 quilii-atos
1583 2617 1612 2643 et
1645 2616 1897 2657 procurat-ionis
1930 2624 2031 2645 iiiaii-

165 2672 242 2706 dato
286 2672 381 2706 nobis
425 2672 573 2709 tennione
615 2675 722 2706 extitit
768 2672 851 2705 sai-ta
902 2673 993 2705 lidi-s.
1043 2682 1155 2704 eoi-:iiii
1205 2670 1299 2703 nobis
1345 2675 1556 2705 constitutam
1600 2672 1709 2705 debita
1752 2684 1825 2706 cam
1871 2676 2032 2706 instancia
