2347 3153
1308 240 1380 272 ‘260

409 346 577 391 predictos
603 346 879 389 j111·is‹ti‹·ci011‹·m
913 345 1115 378 ordinariam
1148 344 1200 377 vel
1233 347 1339 376 eciam
1371 342 1572 387 delegatam.
1603 343 1689 376 idem
1731 348 1840 376 tamen
1873 343 2089 377 Bernhardus
2119 343 2160 377 de
2188 354 2277 377 anno

407 408 581 440 millesimo
613 407 944 451 quadringcntesnno
975 408 1080 450 primo
1120 410 1148 437 et
1180 404 1221 437 de
1261 415 1376 437 meuse
1414 403 1492 447 Maji
1537 404 1687 447 ejusdem
1731 407 1806 437 anni
1851 404 1904 437 die
1948 397 2094 449 septima
2127 403 2280 438 dominas

410 468 613 501 Dorotbeam
655 466 855 500 abbatissam
901 471 930 498 et
977 470 1179 498 conventum
1223 476 1262 497 ac
1301 464 1476 498 Nicolaum
1517 465 1696 510 predictos.
1734 476 1776 498 ne
1813 465 1872 498 sub
1913 467 2281 499 excommunicacionis

406 532 578 562 sentencia
624 540 660 561 ac
706 531 800 573 penis
845 532 872 559 et
911 529 1063 558 censuris
1101 526 1173 559 aliis
1212 525 1451 559 ecclesiasticis
1490 527 1613 560 dietum
1644 526 1828 560 Ditwinum
1870 537 1928 571 pro
1969 531 2002 559 et
2038 537 2082 560 ex
2111 536 2164 568 θο,
2194 526 2281 571 quod

407 589 622 635 processibus
669 587 871 621 venerabilis
917 591 946 619 ct
991 586 1140 629 religiosi
1179 589 1254 620 viri.
1293 586 1415 619 domini
1455 587 1601 621 Patricii.
1640 586 1768 620 abbatis
1807 590 2002 620 monasterii
2041 586 2139 621 beate
2174 586 2282 621 Marte

407 651 586 683 Scotorum
620 650 659 683 de
690 649 863 693 Wyenna.
895 648 1022 681 ordinis
1052 650 1157 680 sancti
1188 647 1372 680 Benedicti.
1406 647 1613 681 l'ataviensis
1643 648 1799 683 diocesis.
1831 652 1947 681 contra
1980 651 2087 693 ipsum
2115 658 2155 681 ac
2184 645 2281 681 Con-

407 713 522 745 radum
554 710 752 744 Smerbeck.
784 712 982 742 canonicum
1015 713 1044 741 et
1076 708 1255 753 capitulum
1278 708 1364 741 dicte
1385 709 1532 742 ecclesie
1553 711 1660 742 saneti
1684 708 1770 742 Petri
1793 708 2013 751 Brunnensis‚
2035 708 2075 742 ad
2097 708 2280 742 earundem

407 774 614 805 dominarum
641 770 810 804 Dorothei*
841 769 1010 802 abbatisse
1031 774 1061 801 et
1084 774 1272 802 conventus
1293 772 1489 802 instanciam
1513 770 1704 803 fulminatis.
1727 781 1848 815 parere
1870 769 1945 803 licet
1968 769 2079 803 debite
2100 772 2281 815 requisitus

408 845 472 866 non
503 836 630 865 eni-avit
663 834 989 865 exeommunicatmn
1020 830 1216 863 denunciari
1247 830 1408 863 facerent.
1447 834 1571 875 requiri
1611 830 1690 864 fecit
1719 836 1751 863 ct
1782 834 1911 864 moneri
1941 835 1974 863 ei
2004 833 2052 864 sic
2081 830 2141 864 fuit
2170 835 2202 864 et
2231 835 2282 864 est

409 906 537 927 verimi.
585 893 663 926 ltem
704 892 790 937 quod
832 893 966 924 domine
997 890 1169 924 Dorothea
1214 890 1381 924 abbatissa
1426 896 1456 925 et
1501 896 1690 925 conventus
1733 903 1772 924 ac
1811 890 1971 925 Nicotaus
2014 891 2153 937 predicti
2196 890 2282 924 infra
2316 931 2319 933 ‚

407 955 605 987 decendium
637 966 675 986 ac
706 954 787 986 alias
819 958 948 998 tempus
979 951 1124 985 debitum
1155 963 1172 985 a
1203 955 1429 997 requisicione
1459 957 1491 985 et
1513 956 1701 986 monicione
1722 952 1911 986 huiusmodi
1933 953 1973 986 ad
1994 957 2143 986 sanctam
2164 952 2279 986 sedem

407 1016 625 1061 apostolicam
670 1014 880 1060 appellarunt
923 1018 952 1046 ct
997 1024 1132 1047 causam
1176 1013 1417 1059 appellaciouis
1457 1013 1645 1047 huiusmodi
1689 1018 1719 1047 et
1764 1017 1869 1047 eciam
1910 1016 2044 1058 negocii
2088 1013 2281 1059 principalis

406 1077 556 1119 ejusdem
580 1075 676 1109 vobis
697 1076 831 1108 domino
862 1074 1002 1107 auditori
1033 1078 1193 1108 committi
1225 1075 1389 1111 fecerunt.
1420 1079 1452 1107 et
1481 1078 1528 1107 sic
1560 1074 1617 1107 l'uit
1647 1079 1678 1107 et
1708 1079 1759 1108 est
1788 1085 1919 1107 verum.
1965 1073 2045 1107 Item
2076 1076 2162 1120 quod
2192 1074 2278 1108 idem

409 1137 624 1170 llernliardus
664 1141 735 1182 post
776 1141 805 1169 et
846 1140 961 1169 eontra
999 1136 1263 1181 appellacionem
1304 1136 1492 1169 huiusmodi
1529 1135 1704 1168 nonnullas
1743 1146 1906 1169 censuras
1943 1135 2206 1178 ecclesiasticas,
2249 1140 2282 1168 ut

407 1199 537 1231 dicitur.
561 1198 758 1230 fulminavit.
781 1202 880 1241 atque
902 1197 1054 1230 dominas
1076 1196 1282 1230 Dorotheam
1304 1197 1506 1230 abbatissam
1529 1201 1557 1229 et
1581 1200 1784 1229 conventum
1807 1207 1846 1229 ac
1867 1195 2042 1230 Nicolaum
2064 1200 2280 1238 memoratos,

408 1264 437 1291 ut
477 1259 605 1292 dicitur.
646 1261 952 1291 excommunicavit
989 1263 1018 1291 ct
1059 1262 1092 1290 nt
1132 1257 1213 1291 tales
1249 1257 1379 1303 publice
1410 1257 1603 1291 denunciari
1635 1258 1733 1291 l'ceit:
1773 1262 1805 1290 et
1840 1260 1888 1291 sic
1918 1257 1978 1291 fuit
2006 1262 2039 1291 et
2068 1262 2119 1291 esi
2147 1268 2278 1292 verum.

411 1322 488 1355 ltem
527 1321 612 1364 quod
644 1320 683 1352 de
714 1323 886 1365 premissis
917 1319 1070 1352 omnibns
1100 1323 1131 1351 et
1169 1319 1308 1363 singulis
1347 1319 1417 1352 i'u'n.
1457 1324 1527 1352 erat
1567 1323 1597 1352 et
1637 1324 1683 1352 est
1725 1319 1854 1364 publiea
1886 1330 1954 1352 vox
1984 1323 2017 1352 ct
2047 1318 2147 1361 fama,
2177 1328 2282 1364 quare

409 1394 481 1415 cuni
514 1381 674 1414 bonarum
708 1384 872 1414 mencium
905 1383 945 1413 sit
976 1381 1106 1425 culpam
1138 1382 1267 1412 timere.
1299 1379 1351 1412 ubi
1383 1385 1490 1413 tamen
1522 1380 1617 1426 eulpa
1639 1391 1704 1413 non
1727 1385 1785 1415 est.
1809 1383 1887 1425 petit
1909 1380 2062 1414 dominus
2083 1384 2284 1426 procurator

409 1446 541 1476 nomine
573 1454 636 1487 quo
667 1453 780 1487 supra.
812 1441 1001 1474 huiusmodi
1032 1445 1208 1486 pretensas
1245 1452 1406 1474 censuras
1443 1441 1591 1474 relaxari
1627 1446 1657 1473 et
1695 1441 1801 1474 dictas
1839 1441 1991 1474 dominas
2021 1440 2222 1474 abbatissam
2253 1445 2285 1474 et

409 1509 610 1537 conventum
642 1516 680 1536 ae
712 1503 885 1536 Nicolaum
917 1505 947 1536 in
978 1513 1157 1547 personam
1188 1502 1263 1535 dieti
1294 1506 1525 1547 procuratoris
1555 1514 1592 1535 ae
1623 1507 1878 1547 procuratorem
1910 1505 2018 1547 ipsum
2050 1505 2081 1535 in
2103 1512 2284 1547 personam

409 1569 510 1611 partis
540 1577 598 1598 sue
629 1565 667 1597 ad
699 1565 862 1597 cautelam
893 1563 1035 1597 absolvi.
1066 1564 1212 1596 oll'erens
1241 1575 1278 1596 se
1309 1569 1458 1608 paratum
1489 1563 1529 1596 dc
1558 1564 1676 1596 stando
1693 1565 1759 1607 juri
1786 1575 1824 1596 ac
1847 1564 2010 1596 mandatis
2031 1567 2147 1597 sancte
2167 1566 2282 1597 maii-is

410 1628 555 1659 ecclesie
585 1631 614 1659 et
648 1630 769 1659 vestris
800 1638 838 1658 ae
869 1629 1064 1659 caui-ionem
1096 1625 1192 1658 aliam
1228 1635 1462 1669 quamcunque
1493 1625 1629 1669 perinde
1660 1624 1803 1657 debitam
1836 1630 2000 1670 prestare.
2051 1623 2093 1658 Et
2122 1627 2285 1670 premissa

409 1691 517 1721 omnia
550 1693 576 1720 et
610 1688 739 1724 singula
771 1687 859 1720 dicit.
891 1690 981 1732 petit.
1012 1691 1125 1719 narrat
1155 1691 1187 1719 et
1208 1689 1346 1731 requirit
1367 1685 1474 1718 (lictus
1496 1690 1694 1731 procurator
1716 1689 1851 1719 nomine
1872 1697 1937 1730 qno
1959 1696 2060 1731 supra
2081 1687 2284 1730 conjunctim

411 1753 515 1782 eciam
548 1750 678 1781 divisim
711 1754 739 1781 ct
771 1749 853 1781 alias
884 1747 1037 1781 omnibus
1069 1747 1261 1781 melioribus
1300 1747 1398 1780 modo
1437 1751 1467 1779 et
1504 1747 1622 1780 soi-nia.
1661 1747 1779 1791 quibus
1817 1750 1894 1791 peti.
1934 1746 1997 1780 dici
2029 1751 2059 1780 et
2098 1749 2224 1791 requiri
2254 1751 2286 1780 et

411 1814 539 1843 narrari
573 1814 707 1855 possunt
740 1815 770 1842 et
802 1808 936 1842 debent.
968 1813 1117 1841 vestrum
1149 1811 1285 1853 insuper
1324 1808 1505 1849 benignum
1543 1807 1688 1841 osticium
1726 1818 1828 1853 super
1868 1810 2041 1853 premissis
2072 1807 2225 1841 omnibus
2254 1812 2287 1842 et

411 1872 550 1908 sinentis
595 1871 761 1904 liumilitci·
805 1870 1029 1915 implorando.
1074 1870 1170 1903 salvo
1217 1868 1278 1902 sibi
1321 1871 1399 1912 jure
1446 1868 1601 1905 addendi.
1651 1869 1808 1902 mutandi.
1854 1868 2035 1904 minuendi.
2079 1868 2286 1913 corrigendi,

411 1934 600 1966 declarandi
633 1938 696 1965 etc.
730 1937 759 1965 ut
792 1933 847 1965 luit
880 1937 908 1964 et
940 1936 990 1964 est
1020 1934 1121 1964 moris
1151 1936 1250 1975 atque
1271 1931 1333 1963 stili
1356 1933 1442 1963 sacri
1465 1930 1636 1974 apostolici
1659 1940 1835 1962 causarum
1859 1930 1989 1974 palacii.
2021 1928 2285 1974 Quibusquidem

413 1994 637 2038 posit-ionibus
669 1999 696 2025 et
729 1993 877 2026 articulis
908 1995 954 2025 sic
985 1997 1016 2025 ut
1048 1995 1249 2037 premittitur
1278 1992 1362 2025 datis
1392 1996 1423 2024 ct
1444 1991 1624 2036 productis.
1652 2002 1711 2024 nos⁴
1733 1991 1771 2023 ad
1795 1991 1913 2035 prel'ati
1938 1993 2089 2034 magistri
2111 1990 2286 2024 withelmi

414 2054 478 2086 Leo
509 2058 736 2099 procuratoris
767 2053 931 2086 substituti
963 2056 1159 2087 instanciam
1190 2053 1402 2098 supradictos
1432 2052 1586 2085 dominos
1617 2051 1823 2084 Bernardum
1855 2051 2010 2084 abbatem
2041 2056 2073 2084 et¹
2103 2051 2285 2085 Ditwinum

413 2119 616 2160 prepositmn
648 2127 687 2148 cx
721 2117 868 2148 adverso
905 2115 1106 2160 principales
1147 2118 1362 2160 ipsorumque
1392 2118 1642 2159 procuratores.
1683 2116 1707 2145 si
1740 2124 1792 2157 qm
1824 2117 1916 2145 erant
1951 2116 1981 2145 in
2013 2111 2165 2146 Romana
2195 2116 2287 2146 curia

413 2188 470 2221 pro
515 2177 638 2209 eisdem
683 2178 721 2209 ad
767 2177 944 2210 dicendum
989 2182 1017 2209 et
1066 2177 1314 2222 excipiendum.
1354 2174 1509 2219 quidquid
1550 2175 1663 2207 dicere
1702 2177 1775 2206 six-e
1815 2178 1976 2219 excipere
2012 2173 2139 2207 veilent
2169 2178 2285 2207 contra

415 2238 599 2270 huiusmodi
645 2241 834 2282 posti-iones
874 2243 903 2270 et
949 2238 1107 2271 articulos
1146 2249 1185 2269 ac
1224 2237 1463 2282 appellacionis
1503 2239 1754 2269 instrumentum
1800 2247 1859 2280 per
1903 2237 2047 2270 eundem
2092 2238 2286 2280 magistrum

416 2298 628 2331 witin-inmun
663 2299 726 2331 Leo
760 2304 1014 2344 procuratorem
1045 2299 1256 2332 substitutum
1288 2299 1448 2343 producta
1480 2300 1572 2329 citari
1605 2297 1837 2330 mandavimus
1868 2302 1896 2329 et
1932 2298 2075 2331 i'ecimus
2104 2297 2144 2330 ad
2176 2301 2289 2332 certos

413 2371 626 2392 >inservitus
659 2364 903 2406 peremptorios
936 2364 1096 2394 terminos
1127 2364 1368 2405 competentes.
1402 2359 1434 2392 ln
1466 2369 1605 2402 qnorum
1638 2358 1782 2402 quolibet
1816 2362 2034 2392 terminorum
2066 2361 2208 2392 termino
2230 2369 2290 2404 pei·

414 2421 533 2452 dictum
567 2424 762 2456 magistrum
788 2421 1006 2454 iiittwunum
1036 2421 1101 2454 Leo
1134 2425 1387 2466 procuratorem
1418 2420 1629 2452 substitutum
1661 2431 1725 2463 quo
1757 2431 1856 2464 ¹<upra
1889 2422 2024 2453 nomine
2055 2421 2288 2465 procuratorio

415 2486 514 2525 parti*
545 2482 604 2513 sibi
636 2483 781 2514 :nim-11«-
812 2485 1021 2514 contumacia
1053 2486 1209 2515 accusata
1241 2486 1269 2513 et
1302 2481 1547 2525 subsequenter
1581 2479 1777 2524 quibusdam
1811 2479 2039 2525 posicionibtis
2069 2484 2100 2513 et>
2129 2479 2290 2523 articulis„

415 2542 715 2575 declaravi<nubas.
749 2546 977 2576 instrumentis
1009 2548 1037 2575 et
1071 2546 1283 2576 immimentis
1313 2543 1351 2575 ad
1375 2543 1494 2575 dictam
1518 2542 1768 2574 absolucionem
1791 2541 1830 2573 ad
1854 2541 2019 2574 cautelam
2044 2540 2289 2586 impediendam

416 2615 473 2647 pei·
513 2603 692 2635 ‹ibere-ima
733 2607 839 2636 xiriim
873 2608 1067 2640 magistrum
1099 2604 1289 2637 (lom-adum
1331 2604 1370 2637 de
1414 2602 1534 2647 Lapidv
1575 2606 1827 2647 procuratorum
1869 2614 1928 2647 pei·
1967 2601 2142 2647 providum
2181 2604 2289 2636 virum

417 2669 609 2700 magistrum
651 2665 833 2700 (ii-orgium
875 2666 914 2696 d«-
953 2664 1150 2698 (lewiczlta.
1197 2669 1226 2697 iu
1267 2665 1416 2698 Romana
1461 2666 1551 2695 curia
1595 2667 1623 2694 ct
1669 2663 1833 2695 dictorum
1876 2663 2086 2696 dominorum
2126 2661 2288 2696 Bernardi

416 2724 543 2755 abbau-
575 2730 602 2754 ct
639 2725 772 2758 llitixini
806 2729 962 2770 prepositi
1008 2737 1048 2758 ex
1081 2726 1228 2758 adverso
1260 2726 1501 2771 principalium.
1534 2728 1786 2768 procuratoreui
1820 2724 2034 2768 principalem
2063 2722 2287 2766 substitutum,
