2347 3153
1020 219 1094 254 283

115 323 314 370 Margaritte
343 325 398 359 vet
431 328 503 371 ipso
532 326 585 359 die
615 325 812 366 decesserit.
843 325 906 358 due
936 330 1050 371 partes
1081 325 1245 359 fructuum
1277 329 1344 359 viui
1383 338 1443 371 pro
1482 337 1569 359 auno
1599 329 1715 370 gracie
1745 327 1903 359 ‹leliuicto
1935 332 1986 359 aui

115 388 187 420 suis
216 390 477 421 testamentariis
507 391 538 420 et
559 397 637 432 pars
657 389 760 419 tercia
782 397 842 432 pro
863 397 1064 420 successore
1086 386 1318 422 remanebunt.
1340 390 1381 420 ita
1404 387 1575 422 videlicet.
1597 387 1683 432 quod
1707 399 1766 433 pro
1787 388 1995 421 colleccione

110 449 183 481 vini
211 451 244 481 et
273 446 388 481 tabore
418 447 555 481 residuo
585 448 711 482 eisdem
744 450 1003 481 testamentariis
1033 450 1192 494 prepositi
1222 451 1296 481 sive
1325 451 1479 482 canonici
1510 453 1563 481 aut
1598 448 1734 482 alterius
1765 452 1993 493 cuiuscuuque

115 517 265 555 persone
299 509 447 542 ecclesie
490 508 648 543 defuncte
687 509 769 543 duas
806 514 918 555 partes
954 513 1170 553 pecuniarum
1210 514 1241 543 ct
1280 513 1470 543 successori
1510 512 1647 543 terciam
1694 515 1821 556 partem
1853 510 1934 543 dare
1963 515 1993 542 et

115 579 292 616 exponere
319 571 394 603 sine
423 570 699 604 contradiccione
728 570 873 616 qualibet
903 575 1091 604 teneantur.
1140 571 1176 604 Si
1208 582 1291 604 vero
1323 576 1394 617 post
1427 571 1547 605 festum
1580 572 1764 617 predictum
1796 572 1993 605 decesserit.

117 634 197 665 tunc
223 639 342 664 omnes
372 630 499 664 irueius
529 634 596 665 vini
627 634 759 676 integre
787 636 818 664 et
847 634 920 665 sine
949 634 1068 677 quavis
1111 632 1335 666 diminucione
1373 644 1433 678 pro
1462 643 1552 666 auno
1581 635 1698 670 gracie
1728 637 1804 666 tunc
1834 632 1994 666 defuncto

117 690 352 726 remanebuni.
382 691 419 725 Si
449 696 562 726 autem
592 695 781 738 prepositus
811 698 865 726 aut
895 695 1076 726 eanonicus
1105 696 1179 726 sive
1208 693 1270 726 alia
1302 704 1445 739 persona
1476 694 1622 727 ecclesie
1648 705 1847 739 quecunque
1870 693 1990 727 liuius-

116 752 206 787 modi
247 755 366 787 vineas
410 763 471 799 pro
515 755 657 799 pecunia
696 754 750 786 vel
791 764 850 799 pro
888 758 980 787 certa
1020 756 1204 798 quantitate
1242 757 1309 788 viui
1350 754 1514 788 locaverit
1555 759 1585 788 et
1617 759 1694 788 ante
1725 755 1844 788 festum
1876 760 1992 788 sancte

114 811 313 858 Margaritte
341 818 397 846 aut
427 815 502 859 ipso
531 813 585 847 die
614 814 811 848 decesserit.
851 814 933 847 duas
971 820 1083 860 partes
1123 814 1313 849 huiusmodi
1354 819 1570 861 pecuniarum
1611 819 1686 850 sive
1716 819 1782 849 vini
1813 828 1872 862 pro
1903 827 1992 850 anuo

114 876 232 919 gracie
260 873 420 908 defuncto
449 879 504 908 aut
534 877 604 908 suis
634 878 895 908 testamentariis
933 880 963 908 et
995 886 1071 921 pars
1107 878 1209 909 tercia
1249 887 1308 922 pro
1347 887 1547 910 successore
1587 877 1792 910 remanebit:
1836 880 1862 910 si
1907 888 1991 910 vero

115 938 190 981 post
219 934 342 969 dicium
372 934 494 982 festum
525 935 724 973 decesserit.
754 935 943 969 huiusmodi
974 939 1116 982 pecunie
1145 939 1219 970 sive
1248 940 1362 971 vinum
1394 949 1436 971 ex
1467 938 1558 971 totali
1591 938 1765 971 locacioue
1787 942 1991 984 proveniens

115 995 275 1031 defuncto
315 1007 376 1042 pro
419 1007 508 1030 anno
549 999 667 1041 gracie
710 997 922 1042 integraliter
964 997 1195 1031 remanebunt.
1255 997 1474 1032 l'eciiniaruiu
1516 1010 1598 1032 vcro
1637 1010 1695 1033 seu
1735 997 1897 1045 pullorum
1935 1004 1989 1033 aut

116 1067 392 1103 quarumcunque
421 1057 560 1091 aliarum
591 1068 704 1091 rerum
735 1068 856 1091 census
894 1061 967 1091 sive
998 1058 1146 1092 redditus
1184 1070 1245 1105 per
1283 1059 1425 1093 medium
1463 1059 1628 1093 debentur
1664 1060 1822 1094 defuncto
1860 1066 1889 1093 ei
1931 1072 1991 1106 per

116 1117 260 1153 medium
289 1121 507 1159 successori;
536 1129 657 1152 caseos
686 1123 796 1152 autem
827 1123 857 1151 et
887 1130 953 1152 ova
983 1131 1022 1152 ac
1047 1120 1225 1163 judiciales
1254 1120 1411 1153 denarios
1436 1132 1618 1154 successor
1648 1121 1774 1155 babere
1803 1121 1935 1155 debebit
1958 1126 1988 1153 et

114 1181 212 1214 istum
241 1179 444 1214 vei-siculum
478 1182 719 1226 „pecuniarum
751 1181 859 1213 vero“
892 1180 1080 1213 immediate
1111 1184 1332 1227 prescriptum
1363 1185 1394 1214 et
1424 1182 1505 1215 alias
1536 1182 1759 1227 precedentes
1781 1186 1990 1221 restringere

114 1243 149 1274 et
185 1240 375 1285 intelligere
410 1240 568 1274 volumus
605 1241 833 1275 tantummodo
871 1241 911 1274 ad
951 1242 1138 1275 residentes
1176 1245 1319 1288 propriis
1359 1245 1388 1276 in
1430 1246 1595 1288 personis.
1635 1244 1912 1288 quemadmodum
1958 1247 1988 1277 iu

115 1301 287 1336 versiculo
314 1304 469 1347 sequenti
501 1301 642 1335 lucidius
671 1302 872 1336 declaratur.
1387 1346 1394 1351 κ

272 1361 324 1397 Ne
352 1368 463 1397 autem
495 1373 556 1409 pei·
585 1366 902 1409 interpretacioneni
935 1374 1053 1397 vauaui
1087 1365 1204 1398 suturis
1227 1365 1432 1410 temporibus
1463 1366 1614 1399 trabatur
1635 1369 1665 1398 iii
1687 1365 1833 1399 dubium.
1865 1377 1988 1399 aiiiiuni

114 1425 232 1468 gracie
250 1426 300 1458 sic
320 1423 459 1469 intelligi
482 1424 649 1459 votumuS.
672 1427 713 1458 ita
736 1424 903 1458 videlicet.
925 1425 1010 1470 quod
1033 1430 1223 1470 prepositus
1244 1426 1297 1459 vel
1320 1429 1472 1459 canonici
1496 1438 1555 1459 seu
1587 1427 1649 1460 alia
1681 1430 1798 1471 quevis
1829 1437 1987 1472 persona.

116 1483 245 1520 iaciens
273 1486 495 1520 residenciam
525 1488 718 1531 continuam
751 1486 802 1519 vel
833 1488 983 1519 existens
1014 1488 1043 1518 in
1074 1486 1182 1519 studio
1213 1486 1396 1525 theologie.
1432 1489 1518 1530 juris
1549 1491 1701 1521 canonici
1734 1488 1785 1521 vel
1817 1487 1926 1520 civilis
1955 1493 1985 1519 et

115 1544 180 1580 linc
218 1546 430 1593 privilegiato
468 1546 578 1581 studio
616 1558 691 1581 cuni
731 1547 849 1581 effectu
894 1546 1065 1580 inlieserit.
1109 1552 1162 1579 aut
1200 1548 1282 1580 alias
1321 1548 1361 1580 de
1401 1548 1539 1581 licencia
1578 1552 1736 1594 prepositi
1776 1554 1805 1580 et
1853 1549 1987 1593 capituli

113 1607 295 1652 supradicti
325 1618 369 1641 ex
400 1618 503 1641 causa
534 1607 729 1642 racionabili
769 1612 799 1640 et
830 1619 943 1641 coram
976 1608 1105 1653 prefato
1135 1610 1279 1653 capitulo
1317 1610 1460 1646 allegata
1501 1609 1623 1643 absens
1662 1614 1692 1642 et
1724 1613 1874 1643 existens
1905 1609 1986 1642 ulii-

114 1677 248 1714 cunque
277 1667 388 1711 suerit,
419 1671 446 1702 is
475 1667 575 1702 debet
604 1672 736 1702 censeri
769 1669 919 1702 residens
948 1674 978 1701 et
1019 1668 1132 1702 baberi
1173 1681 1232 1715 pro
1263 1670 1432 1703 residente
1466 1675 1496 1701 et
1528 1674 1575 1703 sic
1606 1671 1646 1703 de
1678 1672 1794 1704 inediis
1825 1670 1987 1704 fructibus

114 1732 146 1762 ei
176 1728 396 1775 proventibus
425 1740 486 1764 sue
520 1729 704 1776 prebende.
736 1733 766 1763 in
805 1729 1060 1775 quibuscunque
1098 1729 1197 1763 relius
1235 1734 1429 1764 consistunt.
1475 1731 1604 1776 pli-naui
1646 1732 1834 1764 facultatem
1867 1731 1984 1764 babeat

110 1790 209 1834 juxta
237 1800 298 1824 sue
327 1790 509 1824 voluntatis
538 1790 711 1825 arbitrium
743 1792 938 1837 disponendi
970 1796 999 1822 ei
1031 1791 1174 1828 legundi.
1208 1790 1280 1824 Nou
1312 1791 1499 1825 residentes
1522 1803 1617 1826 vero.
1640 1795 1714 1826 sive
1735 1796 1772 1825 sit
1796 1795 1986 1838 prepositus

114 1854 170 1885 nui
198 1854 382 1885 canonicus
410 1862 470 1885 seu
501 1851 565 1885 alia
596 1855 716 1897 quevis
747 1863 888 1898 persona
920 1852 1148 1884 ecclesiastica
1181 1863 1241 1885 uec
1273 1856 1302 1885 iii
1327 1856 1392 1886 vila
1415 1864 1476 1886 uec
1499 1865 1528 1886 iii
1553 1858 1659 1887 morte
1681 1854 1824 1898 aliquam
1847 1865 1985 1898 prorsus

114 1910 306 1947 facultatem
335 1911 497 1948 obtineat.
527 1914 570 1947 de
598 1913 694 1947 dictis
734 1912 895 1947 fructibus
927 1912 1107 1946 redditibus
1145 1918 1174 1944 et
1214 1913 1431 1958 proventibus
1471 1926 1530 1947 sue
1572 1914 1741 1959 prebende
1771 1914 1984 1960 disponendi.

114 1972 174 2007 sed
205 1971 393 2007 huiusmodi
424 1973 552 2007 l'ructus
582 1974 731 2008 redditus
761 1979 790 2005 et
823 1978 1006 2019 provo-nim
1036 1985 1153 2007 omues
1183 1980 1211 2006 et
1243 1975 1377 2011 sini—ruli.
1400 1978 1429 2008 iu
1451 1975 1706 2020 quibuscunque
1729 1975 1828 2008 rebus
1851 1976 1984 2010 iiii-rint.

113 2044 175 2080 pro
202 2033 317 2069 usibus
345 2034 492 2069 ecclesie
521 2038 627 2069 sancii
660 2035 745 2069 l'etri
786 2036 934 2081 predicte
969 2035 1072 2067 libere
1110 2035 1237 2079 absque
1276 2035 1468 2068 difficultati·
1507 2035 1651 2080 qualibet
1690 2047 1748 2081 per
1779 2039 1983 2081 prepositum

113 2098 147 2127 et
172 2095 354 2141 capitulum
384 2100 639 2130 convertantur.
685 2096 724 2130 [Ἰ
756 2101 865 2129 autem
897 2099 1085 2141 prepositus
1116 2102 1145 2127 et
1176 2100 1327 2129 canonici
1358 2096 1398 2129 ad
1431 2097 1652 2129 resident-iani
1684 2100 1772 2129 circa
1803 2097 1980 2129 ecclesiam

112 2158 219 2190 sancii
249 2154 337 2190 Petri
377 2156 565 2190 taciendam
611 2157 804 2191 fervent-iiis
844 2159 1025 2189 invitentur
1063 2161 1093 2188 et
1132 2168 1190 2201 per
1228 2169 1343 2190 corum
1384 2162 1658 2191 interessent-iam
1698 2162 1727 2188 ct
1769 2158 1982 2201 personali-iu

113 2216 335 2251 residenciam
378 2218 487 2251 eutius
530 2217 663 2252 divinus
708 2218 815 2251 bonor
858 2220 972 2250 matris
1014 2219 1085 2249 cius
1124 2222 1155 2248 et
1192 2218 1295 2250 ili-cor
1333 2218 1450 2251 doinus
1487 2218 1538 2250 dei
1581 2218 1774 2250 l'erveucuis
1804 2223 1980 2254 nimi-uiue.

113 2281 273 2312 convenit
309 2288 463 2316 congruo
501 2282 598 2312 statui
639 2290 858 2325 personarum
897 2282 985 2311 circii
1025 2279 1203 2311 eccli-siaiu
1245 2280 1465 2312 residi-ocium
1505 2284 1533 2310 et
1577 2290 1605 2311 iii
1647 2290 1789 2324 proprus
1829 2290 1983 2324 personis

112 2337 327 2373 milllunciutn
368 2339 554 2385 provideri.
613 2339 835 2374 Deci-ruimus
875 2339 1021 2385 predicta
1058 2344 1177 2371 statuta
1217 2351 1292 2372 auui
1330 2351 1444 2376 *gravii*
1481 2352 1554 2372 cuiii
1597 2344 1664 2372 sius
1694 2338 1983 2372 declarat-iiinibus·

111 2402 338 2445 prerogativis
366 2405 397 2433 et
429 2404 560 2446 punctis
589 2401 629 2434 nd
661 2401 848 2435 residentes
879 2400 1032 2433 videlicet
1065 2405 1266 2444 prepositum
1299 2406 1327 2431 et
1351 2412 1543 2434 canonicos.
1570 2407 1600 2433 ut
1624 2404 1833 2446 premittitur.
1857 2404 1982 2433 tautum

110 2459 247 2494 extendi
276 2460 414 2496 debere.
445 2466 478 2494 ut
507 2464 555 2494 sic
586 2466 722 2507 propter
751 2472 908 2494 servicia.
940 2472 1003 2505 que
1034 2461 1179 2493 ecclesie
1209 2467 1312 2494 sancti
1346 2461 1430 2494 l’etri
1461 2462 1678 2506 spiritualiter
1698 2466 1728 2492 et
1752 2461 1982 2506 temporaliter

110 2521 258 2565 quotidie
285 2525 317 2555 et
347 2522 484 2555 assidue
513 2521 686 2558 exhibent.
719 2523 886 2568 multiplici
918 2522 1096 2567 privilegio
1126 2533 1164 2552 ac
1194 2523 1371 2554 coniiiiodo
1401 2523 1567 2559 munia-ani
1601 2526 1732 2567 potiori.

267 2579 302 2615 tn
332 2592 397 2615 nou
430 2581 656 2616 residentibus
686 2588 738 2615 aut
777 2583 944 2616 defunctis·
975 2587 1145 2628 preposito
1184 2587 1213 2613 et
1253 2594 1423 2615 canonicis
1463 2588 1513 2615 aut
1547 2584 1618 2615 aliis
1651 2594 1804 2628 personis·
1833 2584 1982 2615 eecli-si·-

114 2644 163 2675 sic
191 2645 364 2675 statuimus
394 2647 426 2674 ct
455 2642 661 2677 ordinamus.
701 2644 788 2688 quod
828 2648 853 2677 si
885 2643 1025 2676 babeant
1057 2654 1176 2675 uiiuuiii
1207 2654 1334 2680 urai-ie,
1373 2643 1518 2676 redditu<
1557 2649 1585 2674 ct
1619 2649 1802 2688 proventus
1831 2656 1868 2674 ac
1900 2646 1982 2674 olias

112 2700 344 2736 obventiones
373 2702 637 2748 qualescunque.
679 2707 708 2737 in
747 2703 998 2749 quibuscunque
1039 2702 1137 2736 rebus
1175 2708 1369 2737 consistant.
1409 2716 1514 2736 eeiaiii
1546 2703 1586 2736 ab
1618 2707 1780 2737 intestati-
1811 2710 1983 2748 pru-posito

1829 2772 1873 2793 3202*
