2347 3153
0 72 5 85 i

0 148 3 161 1

0 177 5 208 t

989 219 1062 254 317

89 323 129 358 ad
158 328 308 358 sanctam
338 323 452 358 sedem
483 324 699 370 apostolicam
729 329 760 358 et
791 324 959 358 dominum
990 329 1139 358 nostrum
1170 334 1288 370 papam
1320 321 1557 358 ‹Bonisacium'i
1579 335 1700 358 nonum
1723 324 1905 370 predictum
1929 329 1958 359 in

89 386 224 431 scriptis
252 388 452 431 provocavit
481 390 512 418 et
543 385 735 431 appellavit.
765 373 861 431 prout
892 390 922 418 et
954 384 1234 430 quemadmodum
1265 388 1295 418 in
1325 385 1466 430 quadam
1497 389 1756 431 provocacionis
1785 391 1814 419 et
1838 387 1958 432 appel-

90 445 231 480 lacionis
259 448 396 492 papirea
428 446 545 480 cedula
576 446 706 492 plenius
736 446 981 480 continebatur.
1039 445 1078 480 Et
1117 450 1194 480 tunc
1233 450 1438 479 memoratus
1476 445 1630 480 dominus
1659 451 1775 480 noster
1804 447 1958 481 domiuus

89 504 283 541 Bonisacius
312 506 425 540 divina
458 507 676 553 providencia
707 518 790 553 papa
821 518 928 541 nonus
949 518 1084 540 causam
1106 506 1345 553 appellacionis
1365 518 1426 553 pro
1447 512 1541 553 parte
1563 506 1727 542 dictorum
1749 508 1958 541 dominorum

88 570 249 614 prepositi
278 571 310 601 et
339 568 472 614 capituli
502 569 648 602 ecclesie
677 571 783 602 sancti
803 567 890 601 Petri
913 567 1096 602 Brunensis
1125 578 1164 601 ac
1185 567 1330 602 Conradi
1352 567 1541 602 Smerbeck
1561 571 1804 614 interpositam.
1826 579 1957 602 necnon

88 630 224 673 negocii
261 629 455 674 principalis
494 631 596 675 ipsius
632 628 920 663 reverendissimo
950 633 981 663 in
1011 628 1145 663 Christo
1183 631 1267 674 patri
1305 634 1335 662 et
1375 629 1509 663 domino
1548 630 1682 663 domino
1713 630 1848 675 Angelo
1879 630 1958 663 tituli

88 691 196 723 sancti
224 687 402 723 Laurencii
432 692 464 723 in
494 689 641 723 Damaso
671 690 820 724 eiusdem
852 692 1076 724 miseracione
1115 689 1226 724 divina
1264 695 1483 724 sacrosancte
1512 702 1651 724 romane
1680 691 1826 724 ecclesie
1855 702 1957 737 pres—

89 749 211 796 bytero
238 749 401 785 cardinali
429 754 595 785 commisit
625 751 839 785 audiendum.
879 750 1099 784 decidendum
1129 755 1161 784 et
1191 750 1255 784 tine
1284 750 1396 785 debito
1426 752 1668 785 terminandum
1699 763 1773 785 cuin
1804 750 1958 785 omnibus

89 814 123 845 et
149 810 292 856 singulis
320 813 391 845 suis
419 815 658 857 emergenciis.
689 812 884 846 incidenciis
914 817 945 845 et
975 814 1152 846 connexis.
1182 811 1382 857 Quiquidem
1412 812 1565 846 dominus
1595 812 1750 857 Angelus
1780 813 1958 846 cardinatis

84 871 193 918 Judex
222 876 256 906 et
282 874 548 907 commissarius.
578 877 752 919 postquam
783 885 843 919 per
871 884 946 906 eum
977 876 1007 906 in
1038 884 1138 907 causa
1160 877 1190 906 et
1212 875 1323 906 causis
1344 872 1530 907 huiusmodi
1552 876 1638 907 inter
1658 878 1770 919 partes
1791 873 1958 918 predictas

88 933 130 968 ad
158 933 338 969 nonnullos
367 938 462 968 actus
497 934 675 978 judiciales
713 937 796 968 citra
836 939 946 968 tamen
986 934 1236 968 conclusionem
1267 945 1463 980 processum
1503 938 1673 969 extiterat.
1713 945 1755 968 ex
1786 938 1887 967 certis
1916 934 1957 967 de

89 997 212 1038 causis,
240 998 387 1030 animum
416 995 513 1030 suum
542 995 583 1029 ad
613 994 677 1029 hoc
708 994 931 1037 moventibus.
970 1006 1010 1029 ac
1039 998 1145 1028 eciam
1175 994 1216 1028 de
1245 995 1381 1040 speciali
1412 996 1552 1029 licencia
1584 1000 1614 1029 et
1646 996 1801 1029 mandato
1831 1006 1957 1041 supra-

90 1054 169 1090 dicti
197 1055 322 1091 domini
351 1059 455 1091 nostri
484 1067 570 1103 pape
599 1068 616 1090 a
647 1067 783 1090 romana
814 1059 906 1090 curia
937 1068 973 1090 sc
1001 1055 1203 1090 absentavit.
1234 1060 1371 1102 propter
1400 1057 1630 1102 cujusquidem
1657 1056 1848 1090 absenciam
1872 1056 1956 1090 idem

88 1116 243 1152 dominus
271 1121 387 1151 noster
415 1117 569 1151 dominus
598 1117 790 1151 Bonisacius
820 1129 903 1164 papa
935 1128 1041 1150 nonus
1071 1127 1206 1150 causam
1236 1121 1266 1149 et
1297 1128 1418 1151 causas
1449 1117 1636 1152 liuiusmodi
1667 1121 1697 1151 in
1727 1130 1768 1151 eo
1797 1122 1895 1152 statu.
1928 1120 1957 1150 111

89 1187 156 1225 quo
184 1178 300 1213 ultimo
328 1183 538 1213 remanserat
567 1190 681 1212 corani
711 1179 800 1212 dicto
829 1180 963 1212 domino
993 1177 1155 1211 cardinali
1179 1177 1294 1221 judice
1323 1183 1354 1211 et
1392 1181 1624 1212 commissario
1656 1184 1806 1225 tempore
1837 1178 1958 1212 liuius—

89 1239 178 1275 modi
206 1242 256 1274 sui
285 1250 443 1274 recessus
472 1239 567 1274 nobis
597 1239 744 1274 llenrico
775 1242 997 1273 miseracione
1032 1239 1145 1272 divina
1185 1238 1266 1272 tituli
1296 1244 1412 1273 sancte
1443 1239 1624 1273 Anastasie
1653 1240 1803 1273 eiusdem
1835 1250 1958 1273 sacro—

89 1304 207 1336 sancte
243 1311 384 1336 romane
420 1301 567 1335 ecclesie
605 1300 806 1347 presbytero
844 1300 1005 1334 cardinali
1041 1299 1129 1333 dicto
1166 1297 1439 1345 Neapolitanensi
1485 1312 1589 1346 usque
1619 1301 1658 1334 ad
1698 1303 1799 1347 ipsius
1837 1300 1960 1333 domini

88 1360 271 1397 cardinatis
300 1361 565 1396 Florentinensis
596 1361 737 1396 reditum
769 1364 932 1395 commisit
963 1360 1176 1397 audiendum.
1206 1361 1480 1405 cognoscendum
1511 1367 1543 1395 et
1573 1361 1794 1395 decidendum
1825 1372 1864 1394 ac
1895 1360 1958 1394 line

90 1421 204 1457 debito
232 1422 476 1458 terminandum
506 1434 581 1457 cum
617 1422 772 1456 omnibus
803 1427 834 1454 1-1
872 1422 1014 1467 singulis
1053 1423 1121 1455 suis
1151 1425 1388 1466 emergenciis.
1420 1422 1626 1457 incidenciis.
1657 1423 1896 1469 dependent-iis
1927 1426 1957 1454 et

88 1486 265 1518 connexis.
294 1483 534 1530 Cujusquidem
563 1486 812 1518 commissionis
842 1486 963 1520 vigore
992 1494 1052 1516 nos
1082 1485 1113 1516 in
1153 1494 1254 1516 causa
1293 1487 1324 1515 et
1355 1486 1466 1517 causis
1496 1482 1684 1518 huiusmodi
1725 1487 1809 1518 inter
1847 1488 1959 1529 partes

89 1544 258 1592 predictas
286 1547 319 1579 in
348 1555 388 1579 ea
417 1538 661 1580 contentas‘ad
692 1544 868 1578 nonnullos
898 1549 991 1577 actus
1021 1543 1195 1578 iudiciales
1215 1547 1411 1578 successive
1433 1548 1671 1590 processimus.
1703 1544 1852 1579 Tandem
1875 1556 1958 1578 vero

88 1615 152 1641 nos
192 1605 232 1640 ad
274 1606 456 1652 supradicti
500 1609 652 1652 magistri
682 1606 856 1640 witta-tna
887 1605 953 1639 Leo
996 1608 1225 1650 procuratoris
1267 1617 1332 1651 ‘1¹¹0
1374 1616 1473 1651 supra
1518 1609 1652 1640 nomine
1692 1609 1888 1640 instanciam
1927 1611 1957 1638 et

89 1669 291 1714 peticionem
328 1667 471 1702 eundem
506 1670 703 1712 magistrum
739 1666 926 1701 Johannem
964 1665 1004 1699 de
1034 1666 1209 1700 Serivanis
1246 1671 1499 1712 procuratorem
1543 1666 1604 1700 sibi
1647 1678 1691 1700 ex
1731 1667 1877 1700 adverso
1919 1667 1958 1699 ad

90 1727 360 1764 concludendum
389 1733 421 1763 et
450 1728 605 1763 concludi
635 1728 816 1763 videndum
847 1731 877 1761 in
908 1727 970 1761 liac
1000 1738 1100 1760 causa
1132 1726 1186 1760 vel
1215 1727 1254 1760 ad
1285 1726 1461 1761 dicendum
1493 1732 1523 1760 et
1548 1738 1682 1761 causam
1705 1727 1957 1762 racionabilem.

89 1791 118 1824 si
147 1799 249 1836 quam
279 1788 433 1831 haberet,
461 1789 686 1835 allegandum.
716 1801 821 1835 quare
851 1792 882 1822 in
913 1787 1102 1832 hujusmodi
1133 1798 1232 1821 causa
1263 1788 1418 1821 concludi
1457 1799 1522 1822 nou
1552 1788 1660 1823 debet.
1688 1800 1747 1834 per
1776 1791 1957 1835 porterimu

90 1851 167 1885 sivo
193 1852 351 1885 nuncium
380 1855 530 1885 nostrum
565 1850 606 1884 ad
646 1850 709 1884 lioc
746 1852 889 1894 juratum
920 1851 1014 1882 citari
1054 1848 1286 1882 mandavimus
1324 1853 1355 1881 et
1394 1849 1534 1882 fecimus
1572 1849 1611 1882 ad
1650 1854 1776 1883 certum
1817 1860 1956 1895 perem-

91 1912 237 1957 ptorium
271 1914 450 1946 terminum
479 1916 740 1958 competentem.
779 1922 876 1956 quem
921 1915 998 1944 tunc
1034 1912 1140 1943 eciam
1178 1909 1218 1942 ad
1249 1909 1335 1943 idem
1365 1909 1453 1943 dicto
1484 1913 1645 1955 magistro
1676 1910 1860 1944 Willielmo
1892 1910 1958 1944 Leo

89 1974 300 2019 procuratori
329 1976 363 2006 et
390 1975 474 2019 parti
503 1984 563 2007 sue
592 1972 632 2006 ad
662 1972 748 2007 idem
779 1972 934 2006 duximus
963 1971 1214 2012 assignandum.
1246 1969 1280 2004 ln
1311 1971 1511 2016 quoquidem
1543 1974 1684 2004 termino
1714 1975 1898 2017 comparuit
1925 1975 1955 2004 in

87 2031 219 2077 ,indicio
246 2043 362 2068 coram
391 2032 488 2068 nobis
517 2037 679 2079 magister
708 2033 910 2067 willielmus
942 2032 1008 2066 Leo
1038 2036 1237 2078 procurator
1263 2031 1446 2077 predictus,
1467 2035 1700 2077 procuratorio
1730 2035 1864 2065 nomine
1895 2042 1960 2077 quo

89 2103 204 2140 supra,
232 2098 267 2128 et
290 2092 369 2129 dicti
389 2097 540 2139 magistri
569 2093 733 2129 Joliannis
763 2095 803 2128 de
825 2094 999 2127 Scrivanis
1030 2095 1258 2138 procuratoris
1287 2092 1346 2125 sibi
1377 2103 1419 2125 ex
1450 2093 1595 2126 adverso
1625 2104 1688 2126 non
1719 2095 1959 2139 comparentis.

89 2163 200 2200 neque
229 2156 261 2189 in
290 2153 354 2189 hac
382 2166 484 2189 causa
514 2156 718 2190 concludere
747 2160 801 2188 aut
831 2154 984 2188 concludi
1007 2153 1124 2187 videre
1144 2156 1303 2187 curantis.
1326 2155 1569 2187 contumaciam
1591 2157 1763 2187 accusavit
1787 2157 1959 2199 ipsumque

88 2218 320 2251 contumacem
350 2219 497 2263 reputari
527 2219 688 2251 instanter
717 2216 895 2262 postulavit
926 2220 958 2248 et
989 2218 1018 2248 iu
1049 2216 1121 2258 ejus
1143 2217 1386 2247 contumaciam
1409 2217 1551 2247 termino
1574 2214 1760 2248 huiusmodi
1783 2226 1842 2260 pro
1864 2219 1958 2261 parte

89 2284 153 2310 suo
179 2275 421 2311 satisfaciendo
450 2279 482 2311 in
510 2289 612 2311 causa
642 2282 674 2311 et
703 2280 815 2311 causi<
846 2276 1045 2310 huiusmodi.
1076 2280 1233 2320 quantum
1274 2286 1303 2308 m
1334 2287 1375 2307 eo
1406 2275 1463 2308 suit
1493 2275 1725 2309 concludendo
1750 2281 1779 2308 1-1
1801 2280 1958 2321 quantuni

89 2337 123 2371 ΙΙΙ
154 2346 198 2371 eo
226 2335 286 2371 t'uu
314 2337 479 2372 conclusit
507 2343 539 2372 et
569 2350 630 2385 pro
659 2338 819 2372 concluso
858 2348 917 2383 per
947 2349 1006 2370 nos
1038 2340 1198 2369 instanter
1227 2336 1436 2382 postuiando.
1469 2335 1537 2370 Nos
1568 2342 1644 2370 tunc
1674 2338 1794 2370 dictum
1825 2340 1958 2370 citatum

100 2407 167 2432 non
194 2403 447 2445 comparentem
478 2410 587 2445 neque
618 2398 803 2433 huiusmodi
843 2399 906 2432 diei
942 2403 1083 2431 termino
1114 2400 1143 2430 in
1173 2397 1285 2442 aliquo
1314 2397 1511 2430 satisfacere
1540 2402 1726 2433 curantem.
1757 2399 1831 2431 licet
1861 2399 1959 2432 susti-

95 2460 228 2494 cionter
254 2463 288 2493 et
317 2470 423 2505 usque
452 2460 491 2493 ad
523 2460 639 2494 boram
670 2459 814 2494 debitam
836 2464 1061 2505 expectatum.
1094 2462 1322 2503 reputavimus
1343 2463 1473 2493 merito.
1500 2464 1594 2504 prout
1617 2464 1699 2493 erat.
1721 2460 1828 2504 quoad
1851 2465 1959 2493 aetum

90 2522 125 2553 et
152 2522 329 2555 terminum
360 2520 560 2557 huiusmodi.
591 2524 750 2561 exigente
784 2523 917 2564 justicia
949 2525 1181 2553 contumacem
1220 2523 1250 2550 et
1292 2522 1322 2553 in
1352 2520 1425 2562 ejus
1461 2523 1703 2554 contumacium
1735 2523 1765 2553 in
1796 2533 1896 2553 causa
1928 2526 1957 2553 et

90 2582 203 2615 unsis
232 2579 421 2615 huiusmodi
451 2592 592 2615 unacum
622 2582 711 2615 dicto
741 2585 903 2625 magistro
936 2581 1117 2614 witto-imo
1149 2579 1215 2613 Leo
1245 2583 1454 2625 procuratori
1485 2580 1751 2614 coiiclinleniluin
1782 2586 1813 2614 et
1843 2594 1956 2614 secum

90 2640 246 2676 concludi
275 2646 410 2688 petente
438 2642 675 2678 conclusimus.
707 2642 949 2687 liabuiniusque
975 2646 1005 2673 1-1
1028 2641 1142 2674 liaberi
1166 2641 1319 2674 votnnms
1340 2645 1371 2674 in
1393 2641 1510 2674 eodem
1534 2653 1593 2687 pro
1615 2642 1784 2675 concluso.
1817 2641 1956 2676 1)1·11111111

89 2711 175 2735 vero
212 2712 275 2736 nos
311 2702 351 2736 ad
381 2702 563 2748 supradicti
593 2706 742 2747 magistri
765 2702 935 2737 Willielnu
959 2702 1024 2735 Leo
1055 2707 1282 2747 procuratoris
1313 2705 1510 2735 instanciam
1541 2707 1570 2734 1-1
1602 2705 1801 2747 peticionem
1832 2714 1956 2748 supi-:i-
