2347 3153
1313 199 1383 233 192

414 312 443 340 et
475 311 539 339 tota
570 309 806 339 communitate
835 311 950 339 nostra
979 308 1256 350 recognoscimus
1285 315 1359 337 eum
1388 302 1598 349 presentibus
1628 306 1808 338 universis.
1829 304 1915 350 quod
1938 307 2020 338 sieut
2042 305 2278 337 serenissimus

411 370 564 412 princeps
595 366 747 400 dominus
776 366 934 401 Jodocus.
965 365 1115 400 marchio
1144 364 1504 409 Brandemhurgensis,
1527 363 1676 397 marchio
1707 369 1739 398 et
1769 365 1922 399 dominus
1952 364 2107 399 Moravie
2128 369 2192 398 etc.
2214 364 2282 399 do-

409 431 514 461 minus
544 433 658 462 noster
687 431 970 473 generosissimus
999 426 1248 460 racionabiliter
1277 425 1424 460 vendidit
1454 426 1591 459 famosis
1620 425 1783 460 Mixikoni
1813 426 1901 459 dicto
1940 425 2071 472 Lysska
2102 425 2143 460 de
2164 424 2283 459 Chru-

407 489 578 522 diechrom
617 494 650 522 et
687 488 784 523 Petro
821 492 921 534 ipsius
960 487 1026 521 titio
1065 489 1170 520 eciam
1207 486 1294 520 dioto
1323 485 1453 532 Lysska
1483 486 1523 519 de
1553 486 1820 520 Chrudieehrom
1853 491 1886 520 et
1917 489 2069 532 ipsorum
2099 485 2280 520 heredibus

408 553 524 595 viginti
554 562 746 594 sexagenas
775 559 970 593 grossorum
1001 548 1215 582 denariorum
1245 550 1459 592 pragensium
1491 550 1650 581 moravici
1691 551 1820 581 numeri
1859 552 1889 581 et
1932 550 2124 593 pagamenti
2153 557 2276 580 census

406 614 505 644 annui
536 622 594 657 pro
625 610 776 644 ducentis
804 612 987 654 sexagenis
1025 620 1223 654 grossorum
1254 608 1467 642 denariorum
1497 612 1529 641 et
1566 611 1695 642 numeri
1727 608 1909 642 eorundem
1941 608 2152 642 censuandas
2180 610 2273 654 ipsis,

407 672 562 705 videlicet
592 671 707 705 decem
738 682 929 715 sexagenas
958 681 1155 714 grossorum
1186 672 1216 702 in
1248 669 1333 703 sesto
1363 672 1467 702 sancti
1496 667 1693 703 WVenceslai
1724 680 1815 702 nunc
1846 671 2000 715 proxime
2020 673 2163 703 venturo
2184 671 2274 702 inci-

405 733 526 779 piendo
557 737 585 765 et
617 732 732 765 decem
763 742 955 776 sexagenas
984 741 1181 775 grossorum
1212 733 1242 763 in
1273 730 1358 763 festo
1387 733 1491 764 sancti
1521 729 1650 775 Jeorgii
1692 735 1766 776 post
1799 730 1863 764 hoc
1894 729 2074 764 inmediate
2103 733 2273 773 secuturo,

406 799 437 827 et
466 797 513 827 sie
544 805 602 839 pro
633 793 757 827 eisdem
789 795 936 826 terminis
965 795 1060 825 annis
1089 791 1229 835 singulis
1251 795 1280 825 in
1303 791 1445 825 futurum
1476 796 1506 825 et
1536 792 1691 837 quamdiu
1723 792 1893 838 predictus
1927 796 2043 826 noster
2063 794 2221 837 princeps
2241 795 2277 825 et

405 855 569 889 dominus.
599 857 649 887 sui
679 865 894 887 successores
925 858 979 886 aut
1008 864 1081 887 nos.
1112 852 1166 885 vel
1196 856 1298 886 nostri
1329 863 1559 896 successores,
1591 852 1780 887 huiusmodi
1804 863 1941 887 censum
1963 863 2029 886 uon
2050 854 2272 886 reemerimus

404 927 463 960 pro
494 918 633 960 pecunia
662 915 792 960 capitati
823 914 1011 960 supradicta
1042 925 1105 947 una
1135 924 1208 946 enm
1239 924 1341 947 censu
1370 924 1429 959 pro
1460 918 1530 947 rata
1559 917 1719 959 temporis
1757 916 1996 958 contingente,
2033 913 2074 947 de
2112 912 2273 957 losungis⁷
2312 926 2315 927 ⁷

404 988 485 1021 quas
524 987 582 1009 sue
621 987 755 1009 camere
789 976 829 1009 de
868 978 1003 1008 civitate
1043 974 1188 1020 predicta
1227 975 1366 1018 singulis
1402 977 1496 1008 aunis
1527 986 1585 1020 pro
1615 975 1776 1020 predictis
1808 977 1962 1008 terminis
1998 979 2212 1021 comportare
2242 977 2276 1008 et

404 1037 602 1083 persolvere
632 1036 844 1070 debuerimus
874 1041 902 1069 et
935 1041 1097 1069 tenemur.
1148 1035 1205 1068 Sic
1234 1039 1454 1080 promittimus
1493 1035 1555 1069 tide
1585 1040 1700 1069 nostra
1733 1035 1819 1069 bona
1851 1038 1923 1069 sine
1954 1035 2029 1069 dolo
2059 1035 2214 1069 volumus
2243 1039 2276 1069 et

403 1097 563 1131 debemus
602 1098 752 1143 predicto
790 1096 951 1131 Mixikoni
993 1096 1121 1142 Lysska
1163 1101 1193 1129 et
1233 1096 1330 1129 Petro
1368 1096 1432 1129 filio
1470 1099 1570 1141 ipsius
1610 1101 1641 1129 et
1680 1099 1827 1142 ipsorum
1874 1095 2054 1130 heredibus
2090 1096 2275 1142 predictum

402 1170 537 1192 censum
569 1170 628 1204 pro
658 1159 814 1204 predictis
845 1160 994 1191 terminis
1023 1157 1063 1191 de
1093 1157 1251 1203 predictis
1281 1157 1430 1201 losungis
1465 1160 1559 1190 annis
1598 1154 1743 1201 singulis
1776 1161 1853 1192 vice
1891 1161 1926 1191 et
1963 1159 2098 1191 nomine
2133 1156 2275 1203 predicti

401 1222 502 1253 nostri
534 1222 690 1264 principis
721 1224 751 1252 et
781 1219 903 1253 domini
935 1218 1027 1251 dare.
1058 1221 1235 1264 porrigere
1265 1223 1296 1251 ot
1326 1218 1524 1263 persolvere
1555 1221 1586 1252 in
1618 1222 1742 1265 paratis
1770 1221 1922 1264 pecuniis
1947 1221 2080 1263 integre.
2101 1221 2185 1252 etin
2208 1222 2276 1253 toto

405 1292 510 1325 usqne
547 1281 586 1313 ad
625 1283 726 1326 ipsius
765 1291 888 1313 census
927 1291 989 1313 una
1026 1291 1100 1313 cum
1141 1282 1211 1325 ipso
1241 1290 1342 1312 censu
1383 1290 1442 1324 pro
1472 1284 1541 1313 rata
1572 1283 1731 1325 temporis
1761 1282 1981 1325 contingente
2012 1283 2045 1313 ut
2074 1281 2274 1325 premittitur

398 1344 659 1387 reempcionem.
690 1345 760 1374 sine
790 1344 876 1374 omui
914 1341 1186 1374 contradic-trione
1228 1343 1355 1386 pariter
1385 1345 1417 1373 et
1447 1340 1622 1374 dilacione.
1671 1341 1767 1382 Quod
1802 1343 1829 1374 si
1859 1351 1924 1374 non
1957 1340 2152 1383 fecerimus,
2182 1339 2270 1385 quod

398 1402 493 1437 absit.
534 1407 656 1435 extunc
696 1402 822 1435 Mixiko
861 1407 892 1435 et
929 1401 1043 1435 Petrus
1074 1405 1175 1447 ipsius
1208 1402 1292 1435 filius
1323 1402 1460 1447 predicti
1491 1406 1522 1435 ct
1551 1405 1698 1447 ipsorum
1731 1401 1878 1435 heredes
1910 1401 2042 1447 plenam
2072 1412 2133 1447 per
2161 1403 2272 1435 omnia

400 1462 566 1497 habebunt
598 1468 807 1508 potestatem.
839 1463 1024 1496 huiusmodi
1055 1474 1191 1496 censum
1213 1464 1417 1505 neglectum,
1439 1466 1600 1507 quociens
1621 1467 1825 1508 oportunum
1850 1462 1961 1499 fuerit.
1983 1473 2043 1508 pro
2064 1473 2274 1508 quocumque

400 1527 505 1557 eciam
536 1524 760 1569 predictorum
791 1527 1007 1557 terminorum
1038 1527 1190 1569 recipere
1220 1528 1253 1557 ct
1282 1527 1463 1569 exquirere
1485 1527 1569 1557 inter
1590 1523 1798 1557 christianos
1821 1523 1877 1556 vel
1894 1523 2017 1567 judeos
2037 1533 2139 1568 super
2159 1527 2272 1557 nostra

399 1588 544 1619 civitatis
574 1590 604 1618 et
625 1588 870 1618 communitatis
892 1585 1117 1631 predictorum
1140 1585 1287 1630 pericula
1309 1590 1408 1630 atque
1430 1584 1583 1630 dampna.
1606 1587 1678 1618 sine
1700 1583 1844 1629 qnalibet
1868 1586 2112 1617 incontrarium
2134 1586 2274 1617 accione

396 1647 481 1689 juris
520 1649 671 1679 canonici
708 1647 760 1679 vel
800 1647 917 1679 civilis.
968 1645 1005 1679 Et
1045 1649 1098 1690 qui
1130 1650 1320 1691 presentem
1361 1647 1502 1679 litteram
1534 1646 1574 1678 de
1603 1645 1787 1679 eorundem
1816 1644 2009 1679 Mixikonis
2039 1649 2071 1678 et
2101 1643 2188 1678 Petri
2220 1643 2274 1678 titii

401 1710 501 1752 ipsius
532 1707 616 1740 hona
647 1710 789 1741 tenuerit
820 1707 1000 1740 voluntate.
1032 1710 1070 1740 sit
1102 1707 1279 1752 spiritualis
1309 1710 1382 1740 sive
1411 1707 1572 1740 secularis
1603 1717 1759 1752 persona.
1790 1694 1877 1751 11111111
1917 1705 2025 1739 eidem
2056 1708 2141 1739 sicut
2170 1707 2274 1752 ipsis-

403 1772 468 1801 met
492 1769 548 1811 jus
577 1767 697 1801 debeat
725 1773 918 1813 competere
949 1771 1093 1801 omnium
1125 1771 1375 1813 premissorum.
1409 1768 1531 1801 Harum
1563 1772 1765 1801 nostrarmn.
1799 1766 1916 1812 quihus
1949 1766 2093 1811 sigillum
2124 1771 2274 1800 nostrum

401 1829 441 1861 de
472 1834 562 1862 certa
593 1833 705 1862 nostra
735 1831 879 1863 sciencia
910 1828 1204 1874 subappendimus.
1235 1832 1424 1862 testimonio
1454 1829 1635 1862 literarum.
1668 1828 1787 1862 Datum
1826 1839 1914 1862 anno
1946 1827 2069 1861 domini
2100 1827 2274 1861 millesimo

399 1890 730 1934 quadringentesimo
768 1890 927 1923 secundo.
970 1890 1049 1922 serm
1090 1893 1202 1934 quinta
1232 1895 1304 1935 post
1337 1890 1554 1923 dominicam.
1586 1901 1648 1934 qua
1681 1892 1710 1922 in
1742 1889 1888 1922 ecclesia
1920 1888 1972 1922 dei
2004 1891 2133 1922 canitur
2161 1886 2273 1922 Mise-

403 1950 565 1983 ricordias
596 1951 729 1984 domini.

716 2018 790 2058 (Ans
815 2022 876 2046 ‹lt-m
902 2021 994 2045 ‹tud-w
1022 2021 1071 2049 ΧΓ,
1098 2023 1132 2046 ΞΗ
1166 2022 1223 2048 Vol,
1251 2022 1323 2056 2111
1349 2022 1383 2047 im
1413 2023 1539 2046 Bruma-i·
1564 2021 1789 2050 Sridtaretiivvji

1297 2168 1397 2202 1⁸2.

409 2237 684 2279 Ilm-,qmvneister
713 2238 780 2270 111111
801 2237 893 2270 Rath
916 2239 976 2270 1Ι(’1·
997 2236 1099 2270 Slmll
1121 2236 1239 2269 Brimo
1264 2238 1481 2283 rerstflielaeleu
1502 2238 1573 2270 siole
1599 2249 1657 2271 zm·
1679 2237 1836 2280 Zaltlmtjl
1857 2238 1924 2270 1Ι(’1·
1946 2248 2019 2269 rom
2046 2235 2272 2280 Markslrafen

406 2298 517 2330 Jnrlolf
559 2311 602 2330 1111
645 2298 778 2331 ,11111111111
824 2311 885 2331 rou
932 2298 1065 2331 [tensi-h
1111 2298 1176 2330 utet!
1220 2297 1335 2330 l’i'e'ln'lf
1379 2311 1441 2331 ron
1485 2298 1663 2331 Krulbuilz-
1701 2298 1901 2340 sebaldi-(seu
1947 2297 1994 2331 44
2038 2296 2175 2331 Sekoclu'
2214 2296 2273 2334 Gr.

1074 2358 1129 2392 Ῑ)Ι.
1160 2371 1186 2391 s.
1217 2359 1237 2391 Ι.
1275 2358 1328 2391 13.
1363 2359 1464 2403 April
1496 2359 1602 2392 1402.

547 2418 631 2470 Nos
661 2437 805 2470 dai-obus
835 2437 940 2470 dietus
971 2440 1102 2470 <munis
1132 2448 1191 2482 pro
1221 2441 1296 2470 tune
1327 2441 1485 2475 magister
1514 2441 1650 2472 civium.
1680 2437 1854 2470 johannes
1888 2437 1997 2470 dictus
2018 2436 2059 2470 dc
2080 2435 2276 2471 Chremsier

408 2509 466 2543 pro
497 2502 571 2531 111111·
596 2499 699 2541 jiidex
731 2502 902 2543 ceterique
928 2500 1029 2542 jurati
1060 2501 1153 2531 cives
1183 2500 1324 2531 civitatis
1353 2497 1555 2531 Britonensis
1579 2502 1751 2544 presentes
1775 2509 1848 2531 eum
1870 2496 2133 2531 suecessoribus
2153 2498 2276 2530 nostris

409 2563 439 2591 et
470 2562 704 2592 eonmmnitate
735 2564 844 2592 nostra
877 2562 1152 2597 reeognoseinms
1182 2570 1255 2591 eum
1286 2558 1494 2603 presentibus
1525 2562 1703 2592 universis.
1736 2559 1823 2603 quod
1853 2558 1891 2591 1111
1915 2558 2105 2592 mandatum
2126 2556 2276 2603 speciale

407 2622 610 2653 serenissimi
642 2623 799 2665 principis
831 2621 951 2653 domini
982 2620 1099 2653 Jodoei
1133 2619 1333 2653 nnn-chionis
1363 2624 1391 2651 et
1414 2619 1535 2652 domini
1568 2619 1721 2653 Moravie
1743 2624 1805 2653 ete.
1830 2622 1935 2652 nostri
1959 2619 2082 2652 domini
2103 2620 2277 2663 generosi,

407 2679 617 2726 promisimu-
648 2685 675 2711 1-1
710 2684 828 2721 vigore
861 2684 1071 2725 presencium
1105 2680 1188 2714 hona
1229 2680 1291 2713 11111·
1330 2685 1440 2713 nosti-a
1480 2683 1551 2713 sim·
1587 2681 1664 2713 dolo
1703 2683 1926 2726 promittimus
1958 2679 2106 2712 honestis
2136 2678 2272 2723 fumosis
