2347 3153
986 221 1060 255 233

87 326 299 373 corporalem
330 329 580 372 possessionem
611 325 831 375 parrochialis
870 326 1018 359 ecclesie
1047 328 1152 359 sancti
1191 324 1308 359 Jacobi
1339 324 1379 357 de
1413 323 1522 363 burgo
1552 324 1738 358 Brunuensi
1765 326 1958 370 juriumque

84 392 119 422 et
145 389 428 434 pertinenciarum
459 387 609 431 ejusdem
640 385 778 420 liberam
811 398 952 420 vacuam
983 391 1013 419 ct
1043 386 1233 432 expeditam
1265 386 1360 419 dictis
1389 384 1585 419 dominabus
1615 384 1785 419 abbatisse
1815 390 1843 418 et
1867 397 1956 418 con—

82 451 198 483 ventui
228 448 282 482 vel
313 459 430 482 eorum
461 447 611 492 legitimo
640 447 770 482 sindico
800 459 859 481 seu
890 449 1099 493 procuratori
1130 458 1245 480 earum
1277 449 1411 480 nomine
1445 446 1621 480 dimittant.
1652 446 1814 491 dictisque
1844 446 1956 479 ‹imni-

83 508 190 544 nabus
227 508 396 543 abbatisse
435 514 464 542 et
496 511 677 542 conventui
717 508 858 545 fructus,
898 508 1059 543 redditus.
1090 512 1276 555 proventus
1306 512 1335 541 et
1367 507 1591 541 emolumenta
1623 520 1665 541 ex
1696 508 1781 541 dicta
1813 507 1956 540 ecclesia

84 567 301 618 parrochiali,
331 581 349 603 a
380 574 531 615 tempore
563 572 756 603 intrusionis
787 569 975 603 huiusmodi
1014 572 1095 603 citra
1133 572 1313 615 perceptis.
1344 579 1418 602 cum
1457 571 1648 613 integritate
1679 571 1851 602 restituant
1879 569 1955 602 'cum

86 631 206 667 effectu
236 634 352 677 eisquc
382 631 607 676 respondeant
640 633 771 675 integre
801 630 842 664 de
872 630 1011 665 eisdem.
1042 630 1201 675 Alioquin
1231 629 1324 676 lapso
1346 629 1434 663 dicto
1455 629 1644 674 quindecim
1666 629 1792 663 dierum
1815 632 1958 663 termino

85 692 223 728 eosdem
252 690 441 726 Jobannem
472 696 502 724 et
533 690 710 725 lleulinum
742 694 889 725 intrusos
920 691 1019 725 niodo
1049 696 1080 725 et
1111 691 1218 725 forma
1248 693 1422 737 premissis
1448 692 1674 736 peremptorie
1695 694 1799 724 citare
1820 693 1957 726 curetis,

86 763 171 800 quos
212 763 275 787 nos
313 755 419 786 eciam
459 757 577 786 tenore
615 755 826 798 presencium
864 755 911 786 sic
951 755 1104 789 citamus.
1134 756 1298 797 quatenus
1336 754 1612 797 quinquagesima
1643 751 1695 784 die
1725 756 1798 798 post
1830 751 1955 797 lapsum

86 814 250 849 dictorum
280 813 467 859 quindecim
498 812 627 846 dicrum
667 813 857 847 immediate
886 818 1061 858 sequente.
1091 816 1117 847 si
1157 813 1228 846 dies
1258 816 1326 859 ipsa
1361 815 1639 858 quinquagesima
1675 813 1817 857 juridica
1858 813 1955 846 fuerit

84 880 117 910 et
144 885 207 910 nos
235 874 290 909 vel
318 875 403 909 alius
431 874 507 908 loco
536 877 640 908 nostri
670 874 784 908 forsan
815 877 945 907 interim
977 874 1208 919 surrogandus
1228 875 1360 908 auditor
1380 874 1513 918 adjura
1534 873 1697 908 reddendi
1720 885 1780 920 pro
1801 873 1956 908 tribunali

83 935 272 971 sederimus
301 935 358 969 vel
386 934 523 970 sederit.
553 934 698 980 alioquin
729 938 881 981 proxima
923 936 975 968 die
1005 935 1149 979 juridica
1188 947 1231 969 ex
1271 940 1348 969 tunc
1379 935 1570 968 immediate
1599 940 1773 980 sequente.
1804 947 1866 981 qua
1897 947 1958 969 nos

84 996 140 1031 vel
181 996 258 1031 loco
300 998 404 1030 nostri
444 994 559 1030 forsan
598 997 846 1041 surrogandum
886 997 1071 1030 auditorem
1109 995 1217 1030 Rome
1256 996 1310 1030 vel
1349 996 1438 1030 alibi.
1468 995 1522 1030 ubi
1554 1002 1630 1030 tunc
1661 996 1773 1030 forsan
1805 997 1958 1030 dominus

84 1062 201 1093 noster
228 1068 314 1104 papa
343 1068 418 1091 cum
449 1068 509 1090 sua
539 1060 630 1090 curia
662 1056 832 1091 residebit.
865 1061 895 1091 in
926 1058 1057 1104 palacio
1087 1068 1264 1091 causarum
1295 1058 1493 1103 apostolico.
1516 1061 1546 1091 in
1577 1059 1735 1103 quojura
1762 1057 1957 1093 redduntur.

86 1129 184 1154 mane
212 1117 296 1153 bora
325 1129 502 1152 causarum
532 1117 573 1151 ad
605 1118 810 1152 reddendum
842 1130 902 1164 pro
932 1118 1084 1152 tribunali
1122 1118 1243 1152 sedere
1281 1122 1473 1163 contigerit.
1504 1123 1721 1164 compareant
1762 1121 1792 1152 in
1828 1118 1957 1162 judicio

85 1179 237 1225 legitime
265 1189 379 1213 coram
410 1177 506 1212 nobis
535 1178 589 1212 vel
620 1178 694 1212 loco
725 1182 828 1213 nostri
870 1179 982 1212 forsan
1022 1179 1235 1224 surrogando
1274 1180 1426 1213 auditore
1456 1180 1606 1226 predicto
1636 1190 1710 1213 cum
1741 1179 1895 1213 omnibus
1925 1184 1957 1212 et

82 1240 224 1287 singulis
247 1239 380 1284 juribus
409 1244 441 1272 et
472 1242 685 1274 munimentis
714 1243 794 1274 suis.
826 1252 960 1274 causam
1001 1252 1059 1273 seu
1099 1252 1218 1274 causas
1255 1240 1442 1274 huiusmodi
1473 1240 1766 1274 concernentibus.
1798 1241 1850 1274 vel
1881 1252 1954 1274 eam

83 1312 143 1336 seu
173 1312 232 1335 eas
260 1299 510 1347 quomodolibet
542 1301 767 1345 tangentibus.
799 1301 1009 1347 supradictas
1049 1304 1414 1336 excommunicacionis
1453 1305 1645 1335 sentencias
1683 1313 1721 1335 ac
1761 1301 1955 1335 inhabilita-

83 1365 190 1397 cionis
218 1367 250 1396 et
279 1364 486 1409 privacionis
524 1373 564 1395 ac
603 1362 691 1396 mille
728 1373 915 1395 marcarum
956 1365 1086 1407 argenti
1125 1366 1196 1408 puri
1236 1374 1339 1408 penas
1370 1362 1528 1396 incidisse
1559 1363 1722 1396 declarari
1754 1366 1869 1397 visuri.
1902 1364 1954 1396 vet

82 1434 218 1459 causam
249 1422 500 1458 racionabilem.
531 1434 635 1468 quare
666 1424 694 1457 id
727 1423 796 1456 lieri
829 1426 963 1457 minime
993 1423 1125 1458 debent.
1156 1423 1274 1457 dicturi
1305 1424 1454 1469 aliasque
1476 1427 1506 1458 in
1528 1435 1628 1457 causa
1651 1429 1680 1457 et
1703 1427 1814 1457 causis
1836 1423 1956 1458 buius-

85 1484 174 1520 modi
203 1484 244 1519 ad
273 1487 385 1519 omnia
415 1489 447 1519 et
475 1484 621 1529 singula.
654 1487 684 1518 in
715 1484 799 1518 dicta
832 1484 927 1518 nobis
957 1484 1042 1518 sacta
1073 1487 1313 1519 commissione
1333 1489 1505 1520 contenta.
1527 1485 1664 1531 procedi
1686 1488 1803 1519 visuri.
1825 1486 1957 1520 dicturi.

85 1545 219 1590 facturi,
248 1545 391 1579 audituri
420 1549 453 1579 et
481 1536 670 1591 allegaturi.
700 1545 786 1591 quod
816 1547 940 1589 justum
983 1545 1081 1579 fuerit
1121 1550 1150 1578 et
1182 1546 1265 1579 ordo
1303 1546 1479 1580 dictaverit
1510 1549 1664 1580 racionis.
1724 1545 1957 1580 certificantes

83 1606 318 1642 nichilominus
347 1606 484 1640 eosdem
515 1609 660 1640 monitos
690 1610 721 1638 et
751 1609 883 1641 citatos.
914 1607 1001 1651 quod
1043 1609 1104 1640 nisi
1142 1610 1173 1640 in
1212 1607 1300 1641 dicto
1339 1610 1513 1641 citacionis
1543 1610 1684 1640 termino
1714 1618 1828 1640 coram
1859 1606 1955 1640 nobis

83 1670 333 1714 comparuerint
363 1671 396 1702 et
424 1679 461 1702 se
491 1667 679 1712 hujusmodi
702 1670 824 1701 nostris
847 1667 1090 1701 municionibus
1122 1673 1153 1701 et
1184 1668 1347 1702 mandatis
1377 1671 1528 1714 paruisse
1558 1668 1744 1702 docuerint.
1767 1668 1806 1701 ad
1838 1668 1958 1701 decla-

82 1731 255 1764 racionem
284 1731 532 1763 sentenciarum
563 1733 594 1762 et
624 1739 785 1775 penarum
818 1728 1043 1774 predictarum
1075 1734 1104 1763 et
1136 1730 1229 1765 alias.
1261 1733 1356 1775 prout
1382 1731 1468 1773 juris
1504 1729 1614 1763 fuerit.
1645 1729 1868 1775 procedemus
1900 1740 1958 1762 seu

82 1788 167 1824 atius
197 1789 271 1824 loco
300 1792 405 1824 nostri
435 1790 669 1834 surrogandus
701 1790 832 1823 auditor
862 1790 1020 1835 procedet
1048 1792 1181 1834 justicia
1214 1790 1402 1824 mediante:
1449 1790 1534 1823 diem
1577 1801 1660 1823 vero
1692 1793 1889 1823 monicionis
1919 1802 1958 1822 ac

83 1853 258 1885 citacionis
287 1855 477 1885 nostrarum
507 1850 695 1884 huiusmodi
727 1856 825 1896 atquc
857 1851 996 1884 formam
1036 1856 1064 1883 et
1105 1852 1261 1897 quidquid
1305 1856 1334 1885 iu
1366 1854 1537 1897 premissis
1568 1851 1722 1884 duxerint
1755 1851 1954 1884 faciendum.

84 1909 181 1946 nobis
209 1922 270 1959 per
297 1916 431 1946 vestras
461 1917 614 1958 patentes
645 1912 759 1946 literas
790 1924 848 1945 seu
871 1915 1126 1945 instrumentum
1150 1912 1328 1957 publicum.
1351 1912 1436 1946 banc
1457 1914 1580 1945 seriem
1605 1912 1656 1944 vel
1679 1912 1955 1950 ‹lesifflmcioncm

84 1975 118 2007 ln
146 1982 184 2006 se
212 1975 425 2007 continentes
455 1984 513 2007 seu
544 1976 732 2007 continens.
764 1976 913 2006 remissis
945 1973 1155 2019 presentibus
1186 1973 1328 2007 fideliter
1348 1976 1501 2006 intimare
1522 1976 1646 2006 curetis
1691 1972 1956 2005 Absoluciouem

83 2043 169 2067 vero
196 2036 344 2068 omniurn
374 2038 406 2067 et
435 2034 655 2073 singulorum.
685 2037 738 2080 qui
770 2034 916 2080 prefatas
953 2039 1084 2067 nostras
1123 2038 1314 2067 sentencias
1354 2034 1406 2067 vel
1437 2046 1551 2067 eurum
1582 2035 1724 2079 aliquam
1756 2037 1954 2067 incurrerint

82 2105 217 2141 quoquo
246 2095 358 2138 mod0,
389 2094 485 2129 nobis
515 2095 568 2129 vel
599 2099 765 2142 superiori
805 2101 920 2129 nostro
960 2096 1188 2129 tantummodo
1224 2106 1451 2129 reservamus.
1511 2094 1544 2128 lu
1576 2106 1715 2140 quorum
1747 2098 1892 2128 oninium
1924 2098 1954 2126 et

82 2155 290 2202 singulorum
320 2155 416 2190 tidem
447 2161 478 2189 et
509 2160 733 2191 testimonium
765 2160 1003 2203 premis-<orum
1036 2162 1211 2202 presentes
1242 2161 1374 2190 nostras
1404 2156 1516 2189 literas
1545 2167 1604 2189 seu
1628 2167 1767 2201 presens
1790 2155 1955 2200 publicum

82 2218 351 2253 instrumentum.
381 2217 569 2252 huiusmodi
600 2223 748 2251 nostram
780 2221 978 2251 citari-‚nem
1009 2222 1038 2248 et
1071 2220 1294 2251 monicionem
1327 2221 1357 2250 in
1387 2228 1424 2249 se
1455 2219 1665 2250 continentes
1687 2228 1744 2249 seu
1767 2219 1954 2256 continens,

82 2277 207 2312 exinde
244 2277 316 2313 fieri
351 2283 382 2312 et
422 2290 482 2325 per
516 2278 704 2312 ,Iohannem
744 2282 908 2313 notarium
947 2278 1111 2324 publicum
1152 2283 1369 2322 nostrumque
1408 2282 1437 2310 et
1476 2277 1661 2310 huiusmodi
1701 2289 1803 2309 cause
1841 2288 1955 2310 coram

82 2400 179 2434 done
207 2403 418 2435 communiri.
459 2400 578 2435 Datum
609 2406 638 2434 et
670 2407 780 2435 actum
813 2401 919 2435 uonn-
952 2404 982 2434 in
1013 2401 1112 2433 domo
1144 2400 1363 2433 balutacionis
1394 2405 1506 2433 nostre
1538 2399 1618 2432 boru
1650 2410 1868 2442 vesperarum
1900 2399 1953 2431 vet

80 2462 188 2507 quusi,
217 2459 279 2495 sub
308 2472 395 2495 anno
416 2473 433 2494 a
455 2465 628 2495 nativitate
649 2462 772 2495 domiui
796 2462 973 2495 millesimo
994 2461 1326 2506 quadringente-simo
1347 2460 1506 2494 secundo.
1531 2461 1718 2493 indiccione
1739 2459 1879 2493 decima.
1903 2459 1955 2492 die

81 2529 168 2555 Vero
186 2519 314 2555 subbnu
334 2522 482 2555 secunda
500 2525 623 2556 mensis
641 2522 862 2568 Septembris.
882 2522 1091 2568 pontificatus
1107 2525 1308 2554 sanctissimi
1327 2525 1356 2555 in
1375 2521 1509 2555 (bristo
1527 2524 1627 2566 patris
1645 2525 1674 2552 et
1693 2521 1816 2554 domini
1838 2523 1954 2553 nostri.

80 2578 204 2615 domini
225 2580 388 2616 Bontt'ncu
410 2583 521 2616 divina
553 2582 772 2628 providencia
802 2595 886 2629 pape
916 2587 993 2616 noui
1024 2594 1110 2615 :inno
1132 2582 1384 2616 terciodecimo.
1407 2581 1617 2627 presentibus
1648 2581 1767 2614 ibidem
1791 2580 1954 2614 nobilibus

80 2642 166 2676 viria
195 2641 378 2676 withetmo
409 2642 575 2688 llaysarin
606 2643 690 2677 laico
712 2648 741 2675 et
770 2643 915 2677 ilenrico
946 2643 1155 2681 Sta-rueberg
1185 2643 1310 2676 clerico
1341 2642 1605 2676 lachefeldensis
1635 2647 1664 2673 et
1706 2641 1954 2675 l'udeluirnenis·

83 2700 242 2745 diocesis,
279 2702 419 2737 testibus
457 2704 496 2736 ud
527 2706 690 2749 premissa
723 2709 851 2737 vocatis
881 2705 1071 2750 specialiter
1101 2709 1129 2734 et
1162 2707 1300 2741 romnus.

1820 2773 1851 2790 'ti
