2347 3153
1243 230 1290 264 40

337 338 534 368 auctoritate
577 339 689 368 nostra
733 335 872 367 eandem
916 334 1093 367 ecclesiam
1137 337 1242 367 sancti
1279 333 1396 367 Jacobi
1433 333 1528 367 alicui
1569 343 1684 366 mense
1722 332 1778 366 vel
1814 332 1908 365 alteri
1955 332 2100 366 ecclesie
2136 342 2197 366 seu

338 399 540 429 monasterio
571 396 625 428 vel
656 395 729 429 loco
761 395 905 439 regulari
936 398 1139 441 inposterum
1172 394 1308 427 forsitan
1339 397 1422 427 uniri
1444 396 1576 427 annecti
1605 393 1660 426 vel
1680 395 1889 438 incorporari
1918 404 1977 426 seu
2006 396 2198 438 presentem

337 460 592 490 concessionem
622 459 777 489 revocari
807 459 1029 499 contingeret.
1061 455 1146 500 quod
1170 466 1230 500 per
1247 455 1434 488 huiusmodi
1465 457 1620 487 unionem
1641 456 1865 486 annexionem
1887 457 1919 486 et
1939 455 2197 499 incorporacio-

338 528 412 550 nem
442 529 480 550 ac
511 520 768 550 revocat-ionem
800 519 946 561 presenti
978 516 1100 549 indulto
1130 526 1188 548 seu
1219 517 1428 548 concessioni
1454 514 1639 548 nullatenus
1677 514 1912 557 derogaretur,
1941 515 2003 547 nisi
2031 515 2065 547 in
2094 513 2198 547 literis

337 589 438 623 super
467 577 653 610 huiusmodi
683 579 959 622 incorpoimdone
989 587 1046 609 seu
1069 578 1295 609 revocacione
1317 574 1477 608 faciendis
1507 575 1547 607 dc
1569 572 1779 619 presentibus
1807 573 1848 607 de
1869 572 1975 607 verbo
1996 573 2036 607 ad
2057 571 2197 607 verbum

338 651 375 671 ac
406 641 549 684 ipsarum
581 642 648 670 toto
679 643 794 671 tenore
825 637 980 682 specialis
1009 641 1038 669 ct
1070 647 1230 681 expressa
1253 638 1383 668 mencio
1412 634 1592 668 haberetur
1612 639 1642 667 et
1665 634 1745 668 alias
1767 637 1799 668 in
1819 636 1868 667 eis
1888 634 1978 668 clare
2007 637 2197 680 appareret,

338 711 397 745 per
426 710 485 732 nos
515 700 609 731 dictis
651 701 860 731 concessioni
903 702 931 729 et
976 699 1090 741 gracie
1127 696 1215 729 velle
1252 707 1292 728 ex
1333 700 1423 728 certa
1459 698 1604 729 sciencia
1644 695 1822 743 derogare‚
1852 699 1950 740 prout
1978 697 2012 728 in
2041 694 2199 741 predictis

337 762 439 794 literis
470 760 595 805 plenius
625 762 821 792 continetur.
861 758 898 791 Et
930 758 1173 802 subsequenter
1203 757 1314 789 dilecti
1344 756 1399 789 silii
1430 758 1618 801 prepositus
1648 760 1678 789 et
1709 755 1888 801 capitulum
1919 755 2064 790 ecclesie
2092 757 2198 789 sancti

339 821 422 854 l’etri
454 824 482 853 in
514 819 622 852 Brutia
654 821 738 852 dicte
760 819 903 852 diocesis
925 818 1084 863 quasdam
1107 823 1280 862 pretensas
1302 817 1428 859 literas5
1458 828 1518 862 per
1538 828 1619 862 quas
1641 816 1726 850 idem
1752 819 1940 862 prepositus
1969 820 2002 850 et
2021 815 2198 862 capitulum

338 881 531 927 pretendunt
563 880 682 912 dietam
714 879 889 912 ecclesiam
920 882 1024 911 sancti
1054 878 1170 912 Jacobi
1208 883 1236 911 et
1278 878 1441 923 quoddam
1472 882 1667 923 perpetuum
1698 876 1895 910 beneficium
1925 881 2088 918 curatum,
2118 876 2197 923 ple-

339 943 465 975 baniam
497 945 731 985 nuncupatum.
772 943 801 973 in
842 939 926 972 dicta
966 939 1107 972 ecclesia
1146 942 1249 972 sancti
1289 938 1377 972 Petri
1411 937 1472 972 sibi
1510 942 1541 971 et
1576 938 1684 971 eidem
1723 937 1867 971 ecclesie
1905 940 2012 972 sancti
2049 936 2138 972 Petri
2166 939 2197 971 in

337 1003 531 1036 relevamen
561 1000 825 1034 ineambenciam
866 1003 913 1033 eis
951 1011 1088 1033 onerum
1129 1000 1201 1033 sore
1240 1003 1328 1032 unita
1366 1010 1498 1032 annexa
1535 1003 1567 1032 ct
1606 1001 1831 1044 incorporata,
1861 1009 2044 1044 omnesque
2072 997 2199 1033 fructus

337 1063 482 1096 redditus
531 1067 560 1095 et
608 1065 791 1106 proventus
834 1060 1034 1105 parochialis
1081 1060 1225 1094 ecclesie
1263 1065 1292 1093 et
1332 1059 1485 1093 beneficii
1521 1059 1745 1105 predictorum
1793 1062 1823 1093 in
1870 1070 1949 1093 usus
1996 1069 2112 1093 eorum
2158 1070 2198 1093 ac

335 1126 623 1168 supportaciom·in
667 1132 804 1154 oia-ram
850 1120 1074 1166 predictorum
1121 1133 1156 1153 sc
1203 1125 1405 1154 convertere
1447 1125 1477 1153 et
1521 1123 1626 1153 eciam
1670 1119 1831 1165 deputare
1873 1130 1984 1165 posse,
2028 1119 2199 1154 diocesani

337 1186 398 1218 loci
437 1185 488 1217 vei
533 1182 703 1217 cuiuslibet
751 1182 887 1215 alterius
926 1192 1026 1227 super
1073 1181 1135 1214 boc
1174 1182 1312 1215 licencia
1352 1181 1405 1215 vel
1441 1192 1608 1215 consensu
1656 1183 1789 1214 minime
1825 1183 2004 1226 requisitis..
2047 1180 2200 1214 dicuntur

336 1250 530 1292 impetrasse
574 1249 667 1289 prout
712 1246 740 1277 in
785 1246 862 1288 ipsis
905 1243 1020 1276 literis.
1064 1245 1094 1275 iu
1129 1241 1246 1287 quibas
1285 1242 1391 1276 forma
1434 1245 1581 1289 priorum
1620 1242 1788 1275 literarum
1831 1243 1929 1286 juxta
1976 1243 2198 1275 intencionem

335 1312 479 1340 nostram
510 1310 541 1338 et
572 1304 750 1337 verborum
782 1303 1038 1347 iiit‹.=ttig‹·11ciaiii
1077 1314 1142 1336 non
1172 1302 1228 1336 fuit
1268 1302 1475 1336 sufficienter
1511 1314 1685 1348 expressa.
1730 1303 1850 1336 dicitur
1877 1302 2006 1348 plenius
2035 1303 2199 1336 contineri

336 1372 365 1401 et
408 1369 602 1399 successive
632 1376 706 1398 cum
749 1376 791 1398 ex
839 1364 995 1409 predictis
1042 1366 1207 1409 pretensis
1251 1363 1354 1397 literis
1401 1375 1461 1409 per
1506 1364 1642 1397 eosdem
1691 1366 1894 1409 prepositum
1942 1366 1975 1397 et
2010 1362 2198 1409 capitulum

335 1428 477 1460 ecclesie
508 1429 611 1459 sancti
643 1425 727 1458 l'etri
769 1425 876 1458 taliter
915 1426 1097 1469 impetratis
1134 1424 1289 1457 nonnulla
1329 1423 1548 1470 obprobriose
1588 1424 1743 1458 scandala
1783 1427 1814 1457 111
1853 1434 2009 1468 magnum
2049 1425 2196 1469 ipsarum

335 1487 502 1521 abbatisse
532 1491 561 1519 et
592 1490 779 1520 conventas
810 1485 1026 1531 preiudiciuin
1058 1485 1195 1518 fuissent
1226 1489 1344 1518 exorta
1375 1489 1407 1518 et
1437 1488 1561 1518 maiora
1599 1488 1804 1530 inposterum
1835 1487 1961 1518 exoriri
1991 1495 2091 1530 posse
2120 1473 2196 1518 for—

336 1549 550 1581 midarentur.
573 1550 764 1580 carissimus
787 1550 816 1580 in
839 1546 971 1580 Christo
994 1546 1076 1579 tilius
1098 1550 1212 1579 noster
1234 1545 1470 1587 wenceslaus„
1492 1545 1719 1579 Romanorum
1745 1549 1777 1579 ct
1798 1544 1960 1579 Bohemie
1981 1555 2043 1579 rex
2063 1543 2197 1579 illustris

335 1609 428 1642 nobis
460 1608 625 1641 humiliter
654 1608 863 1653 supplicavit.
903 1607 988 1651 quod
1026 1607 1065 1639 ad
1106 1606 1347 1639 removendum
1388 1606 1573 1640 huiusmodi
1612 1606 1768 1639 scandala
1799 1611 1862 1640 tam
1894 1608 2070 1651 presencia
2099 1615 2197 1650 quam

335 1670 439 1702 sutura
470 1680 715 1714 :qiponeremas
753 1668 933 1701 remedium
971 1672 1171 1713 oportunum
1208 1671 1238 1700 et
1277 1666 1444 1701 abbatisse
1483 1671 1512 1700 et
1543 1669 1722 1700 conventui
1757 1677 1797 1700 ac
1827 1668 2030 1700 monasterio
2060 1664 2197 1712 prefatis

334 1730 452 1763 dictam
483 1730 662 1763 ecclesiam
693 1732 797 1762 sancti
828 1727 943 1761 Jacobi
976 1728 1077 1761 fuisse
1107 1732 1136 1761 et
1168 1738 1245 1761 esse
1275 1727 1417 1761 debitam
1449 1732 1477 1761 et
1509 1727 1690 1762 subiectam
1722 1739 1787 1761 non
1808 1726 2016 1761 obstantibus
2045 1725 2198 1761 omnibus

335 1791 490 1837 predictis
521 1795 550 1823 1-1
581 1802 652 1823 eam
685 1790 869 1823 decernere
908 1794 937 1821 et
970 1789 1146 1822 declarari.-
1177 1788 1264 1822 dicto
1302 1791 1504 1822 monasterio
1534 1792 1730 1821 auctoritate
1760 1787 1942 1833 apostolica
1972 1792 2003 1822 et
2033 1798 2077 1822 ex
2105 1791 2197 1822 certa

334 1854 478 1884 sciencia
511 1854 604 1884 unire
635 1856 816 1883 annectere
846 1855 874 1883 et
908 1853 1138 1895 incorporare,
1168 1854 1294 1882 attento
1323 1852 1505 1895 potissime,
1535 1849 1620 1894 quod
1643 1849 1749 1882 dictus
1777 1848 1962 1890 Joliannes.v
1992 1851 2047 1894 qui
2075 1848 2197 1883 dudum

334 1913 451 1944 dietam
483 1911 658 1944 eeclesiam
691 1915 841 1944 temierat
872 1915 901 1943 et
934 1910 1140 1955 possederat,
1181 1909 1324 1943 debitum
1364 1914 1480 1944 nature
1511 1910 1682 1955 persolvit,
1713 1909 1754 1943 de
1785 1909 1987 1954 benignitate
2016 1908 2197 1956 apostolica

334 1974 559 2010 dignaremur.
619 1971 686 2005 Nos
730 1976 838 2016 itaque
876 1971 1128 2004 considerantes
1167 1974 1277 2004 oiiiiiia
1313 1976 1345 2004 et
1383 1971 1512 2015 singula
1552 1971 1699 2016 predicta
1729 1975 1759 2004 et
1791 1970 1866 2007 111111,
1895 1981 1960 2015 que
1989 1972 2107 2004 merito
2136 1980 2198 2005 nos

335 2035 500 2074 11111111·11111,
533 2038 561 2065 111
594 2033 747 2065 scandala
779 2037 958 2065 arceantur
987 2036 1016 2064 1-1
1052 2033 1184 2075 justicia
1221 2037 1443 2065 conservetur
1479 2037 1508 2065 et
1540 2034 1723 2077 potissime.
1754 2031 1838 2076 qaod
1870 2029 2018 2076 prefatus
2047 2041 2108 2064 rex
2138 2040 2198 2076 per

335 2097 404 2126 eius
436 2098 583 2138 patentes
614 2093 725 2126 literas
756 2093 849 2125 nobis
879 2103 979 2137 super
1010 2092 1072 2125 boc
1102 2095 1231 2125 seriose
1261 2092 1411 2125 scribere
1446 2095 1587 2130 curavit,
1619 2093 1772 2137 quodque
1802 2091 1940 2138 prefatis
1969 2090 2138 2125 abbatisse
2167 2094 2197 2125 et

335 2157 510 2186 eoum-ntia
559 2157 798 2186 concessimus.
845 2158 872 2185 111
918 2153 1037 2186 dietam
1082 2152 1259 2186 ecclesiam
1304 2155 1409 2186 sancti
1445 2152 1560 2186 jacobi
1606 2153 1746 2186 cedente
1790 2152 1842 2186 vel
1887 2151 2073 2186 decedente
2110 2150 2198 2186 dicto

334 2214 485 2247 doliana·-
517 2215 567 2247 wi
596 2215 679 2247 11111111
711 2215 790 2246 alias
821 2213 1066 2258 quomodolibet
1098 2213 1281 2247 dimittente
1312 2214 1423 2247 liceret
1457 2216 1535 2259 ipsis
1573 2212 1741 2247 abbatisse
1780 2217 1811 2246 et
1845 2215 2026 2246 conventui
2055 2211 2196 2246 eandem

335 2275 509 2307 vecte-iam
550 2278 652 2307 saneti
693 2274 807 2307 ‚iacobi
839 2286 911 2306 eam
944 2273 1074 2316 juribus
1111 2279 1140 2306 et
1178 2277 1393 2319 pertinenciis
1431 2277 1498 2307 suis
1535 2279 1566 2307 et
1602 2277 1673 2307 eius
1710 2276 1959 2319 possessionem
1997 2275 2196 2307 auctoritate

335 2347 464 2380 propria
496 2336 750 2380 ;111111·1-111-11111-1·1·
780 2340 810 2366 1-1
843 2338 871 2367 111
904 2346 979 2366 asos
1010 2346 1087 2367 suos
1119 2338 1271 2380 proprios
1302 2338 1458 2368 retinere.
1482 2339 1569 2368 motu
1591 2334 1691 2368 simili
1722 2345 1763 2368 cx
1786 2339 1876 2367 certa
1907 2337 2020 2367 nostra
2049 2335 2195 2368 sciencia

334 2399 527 2428 auctoritate
558 2396 738 2440 apostolica
780 2395 990 2427 declaramus
1029 2400 1141 2427 nostre
1181 2399 1379 2429 intent-ionis
1410 2396 1512 2429 fuisse
1542 2400 1570 2428 et
1603 2407 1690 2431 csse.
1731 2395 1850 2428 dictam
1881 2394 2059 2428 ecclesiam
2089 2395 2196 2429 sancti

331 2456 446 2488 .1111·11111
479 2468 551 2488 eom
583 2455 734 2488 omnibus
760 2455 890 2498 juribus
930 2460 958 2486 et
1001 2459 1214 2499 pertita-neiis
1243 2459 1311 2489 suis
1341 2456 1498 2501 predictis
1534 2455 1701 2489 abbatisse
1731 2460 1761 2489 et
1791 2457 1972 2489 conventui
2001 2466 2041 2488 ac
2070 2464 2195 2488 inona-

332 2522 436 2549 st··rio
466 2517 631 2548 «inintaxat
673 2517 818 2548 xoiaisse
847 2520 876 2546 et
910 2516 995 2547 wite
1027 2519 1108 2548 uniri
1151 2517 1304 2561 illamque
1341 2517 1380 2549 ad
1411 2516 1531 2549 dictum
1563 2519 1799 2550 monasterium
1830 2518 2030 2561 pertinuisse
2051 2517 2084 2548 et.
2112 2525 2196 2561 per-

335 2582 439 2610 tinere
469 2577 509 2608 111·
534 2579 621 2619 jare.
659 2589 731 2609 mim
773 2589 835 2609 111111
875 2577 968 2609 suerit
1011 2589 1070 2609 nee
1106 2581 1143 2610 sit
1190 2578 1368 2610 voluntatis
1406 2588 1464 2610 scu
1505 2579 1701 2610 intencionis
1732 2581 1845 2610 nostre
1875 2575 1999 2610 indulto
2029 2579 2062 2609 et
2091 2574 2196 2609 literis

332 2638 523 2683 apostolicis
555 2649 631 2682 ipsis
662 2637 827 2669 abbatiss·-
858 2642 886 2667 et
919 2641 1109 2670 conventui.
1143 2643 1170 2669 ut
1204 2640 1413 2682 premittitur.
1445 2639 1616 2670 concessis
1648 2637 1797 2670 voluisse
1826 2647 1884 2670 seu
1915 2635 2002 2669 velle
2032 2637 2062 2669 in
2084 2634 2194 2681 aliquo

332 2698 511 2737 derogare.
545 2697 579 2730 tii
614 2697 842 2730 ioeliiloimnus
881 2697 919 2729 ad
961 2698 1208 2742 exstirpandum
1251 2698 1407 2732 radicitus
1446 2709 1578 2732 omnem
1610 2700 1779 2731 materiam
1811 2696 2044 2731 scandalorum
2074 2695 2190 2730 cadem

2319 130 2347 255 ,tam—44
2334 0 2347 121 .“,4-..μ

2336 405 2347 582 ,Δωμῴις
