<?xml version="1.0" encoding="UTF-8"?>
<!DOCTYPE html PUBLIC "-//W3C//DTD XHTML 1.0 Transitional//EN"
    "http://www.w3.org/TR/xhtml1/DTD/xhtml1-transitional.dtd">
<html xmlns="http://www.w3.org/1999/xhtml" xml:lang="en" lang="en">
 <head>
  <title>
</title>
<meta http-equiv="Content-Type" content="text/html;charset=utf-8" />
  <meta name='ocr-system' content='tesseract 3.04.00' />
  <meta name='ocr-capabilities' content='ocr_page ocr_carea ocr_par ocr_line ocrx_word'/>
</head>
<body>
  <div class='ocr_page' id='page_1' title='image "./codexdiplomaticu13morauoft_0028.png"; bbox 0 0 2347 3153; ppageno 0'>
   <div class='ocr_carea' id='block_1_1' title="bbox 1170 236 1214 270">
    <p class='ocr_par' dir='ltr' id='par_1_1' title="bbox 1170 236 1214 270">
     <span class='ocr_line' id='line_1_1' title="bbox 1170 236 1214 270; baseline 0 0"><span class='ocrx_word' id='word_1_1' title='bbox 1170 236 1214 270; x_wconf 81' lang='lat'>16</span> 
     </span>
    </p>
   </div>
   <div class='ocr_carea' id='block_1_2' title="bbox 1089 288 1296 292">
    <p class='ocr_par' dir='ltr' id='par_1_2' title="bbox 1089 288 1296 292">
     <span class='ocr_line' id='line_1_2' title="bbox 1089 288 1296 292; baseline 0 0"><span class='ocrx_word' id='word_1_2' title='bbox 1089 288 1296 292; x_wconf 95' lang='lat' dir='ltr'> </span> 
     </span>
    </p>
   </div>
   <div class='ocr_carea' id='block_1_3' title="bbox 261 337 2132 501">
    <p class='ocr_par' dir='ltr' id='par_1_3' title="bbox 261 337 2132 501">
     <span class='ocr_line' id='line_1_3' title="bbox 261 337 2131 390; baseline -0.004 -12"><span class='ocrx_word' id='word_1_3' title='bbox 261 349 332 390; x_wconf 81' lang='lat' dir='ltr'>ipso</span> <span class='ocrx_word' id='word_1_4' title='bbox 362 348 545 378; x_wconf 87' lang='lat' dir='ltr'>incurrant.</span> <span class='ocrx_word' id='word_1_5' title='bbox 576 354 715 389; x_wconf 88' lang='lat' dir='ltr'>quorum</span> <span class='ocrx_word' id='word_1_6' title='bbox 746 342 998 377; x_wconf 82' lang='lat' dir='ltr'>absolucionem</span> <span class='ocrx_word' id='word_1_7' title='bbox 1027 341 1123 375; x_wconf 90' lang='lat' dir='ltr'>nobis</span> <span class='ocrx_word' id='word_1_8' title='bbox 1153 351 1394 375; x_wconf 70' lang='lat' dir='ltr'>reservamus:</span> <span class='ocrx_word' id='word_1_9' title='bbox 1425 339 1620 373; x_wconf 84' lang='lat' dir='ltr'>inferiorum</span> <span class='ocrx_word' id='word_1_10' title='bbox 1650 348 1734 371; x_wconf 80' lang='lat' dir='ltr'>vero</span> <span class='ocrx_word' id='word_1_11' title='bbox 1764 337 1916 371; x_wconf 86' lang='lat' dir='ltr'>ordinum</span> <span class='ocrx_word' id='word_1_12' title='bbox 1948 338 2074 382; x_wconf 68' lang='lat' dir='ltr'>clerici,</span> <span class='ocrx_word' id='word_1_13' title='bbox 2103 341 2131 372; x_wconf 92' lang='lat' dir='ltr'>si</span> 
     </span>
     <span class='ocr_line' id='line_1_4' title="bbox 261 397 2132 450; baseline -0.003 -12"><span class='ocrx_word' id='word_1_14' title='bbox 261 406 378 439; x_wconf 86' lang='lat' dir='ltr'>talibus</span> <span class='ocrx_word' id='word_1_15' title='bbox 418 416 454 439; x_wconf 83' lang='lat' dir='ltr'>se</span> <span class='ocrx_word' id='word_1_16' title='bbox 492 406 705 450; x_wconf 71' lang='lat' dir='ltr'>ingesserint,</span> <span class='ocrx_word' id='word_1_17' title='bbox 751 415 790 437; x_wconf 89' lang='lat' dir='ltr'>eo</span> <span class='ocrx_word' id='word_1_18' title='bbox 835 407 905 449; x_wconf 87' lang='lat' dir='ltr'>ipso</span> <span class='ocrx_word' id='word_1_19' title='bbox 948 414 1008 448; x_wconf 90' lang='lat' dir='ltr'>per</span> <span class='ocrx_word' id='word_1_20' title='bbox 1049 413 1169 436; x_wconf 87' lang='lat' dir='ltr'>annum</span> <span class='ocrx_word' id='word_1_21' title='bbox 1215 404 1381 445; x_wconf 71' lang='lat' dir='ltr'>integrum</span> <span class='ocrx_word' id='word_1_22' title='bbox 1425 398 1587 433; x_wconf 82' lang='lat' dir='ltr'>inhabiles</span> <span class='ocrx_word' id='word_1_23' title='bbox 1631 401 1702 443; x_wconf 91' lang='lat' dir='ltr'>ipso</span> <span class='ocrx_word' id='word_1_24' title='bbox 1737 399 1814 442; x_wconf 84' lang='lat' dir='ltr'>jure</span> <span class='ocrx_word' id='word_1_25' title='bbox 1854 401 1916 431; x_wconf 89' lang='lat' dir='ltr'>sint</span> <span class='ocrx_word' id='word_1_26' title='bbox 1955 397 1995 432; x_wconf 92' lang='lat' dir='ltr'>ad</span> <span class='ocrx_word' id='word_1_27' title='bbox 2032 408 2132 432; x_wconf 88' lang='lat' dir='ltr'>omne</span> 
     </span>
     <span class='ocr_line' id='line_1_5' title="bbox 262 463 1015 501; baseline -0.004 -2"><span class='ocrx_word' id='word_1_28' title='bbox 262 467 528 501; x_wconf 84' lang='lat' dir='ltr'>ecclesiasticum</span> <span class='ocrx_word' id='word_1_29' title='bbox 559 464 756 498; x_wconf 84' lang='lat' dir='ltr'>beneficium</span> <span class='ocrx_word' id='word_1_30' title='bbox 788 463 1015 497; x_wconf 90' lang='lat' dir='ltr'>obtinendum.</span> 
     </span>
    </p>
   </div>
   <div class='ocr_carea' id='block_1_4' title="bbox 537 606 1870 657">
    <p class='ocr_par' dir='ltr' id='par_1_4' title="bbox 537 606 1870 657">
     <span class='ocr_line' id='line_1_6' title="bbox 537 606 1870 657; baseline -0.004 -12"><span class='ocrx_word' id='word_1_31' title='bbox 537 612 592 645; x_wconf 87' lang='lat' dir='ltr'>De</span> <span class='ocrx_word' id='word_1_32' title='bbox 622 610 1043 657; x_wconf 82' lang='lat' dir='ltr'>permutacionihus</span> <span class='ocrx_word' id='word_1_33' title='bbox 1082 610 1379 643; x_wconf 87' lang='lat' dir='ltr'>ecclesiarum</span> <span class='ocrx_word' id='word_1_34' title='bbox 1418 607 1489 641; x_wconf 79' lang='lat' dir='ltr'>vel</span> <span class='ocrx_word' id='word_1_35' title='bbox 1528 606 1870 641; x_wconf 85' lang='lat' dir='ltr'>beneficiorum.</span> 
     </span>
    </p>
   </div>
   <div class='ocr_carea' id='block_1_5' title="bbox 264 684 2138 1280">
    <p class='ocr_par' dir='ltr' id='par_1_5' title="bbox 264 684 2138 1280">
     <span class='ocr_line' id='line_1_7' title="bbox 422 684 2132 734; baseline -0.002 -11"><span class='ocrx_word' id='word_1_36' title='bbox 422 690 595 734; x_wconf 75' lang='lat' dir='ltr'>Frequens</span> <span class='ocrx_word' id='word_1_37' title='bbox 625 694 655 722; x_wconf 88' lang='lat' dir='ltr'>et</span> <span class='ocrx_word' id='word_1_38' title='bbox 685 689 818 722; x_wconf 86' lang='lat' dir='ltr'>assidua</span> <span class='ocrx_word' id='word_1_39' title='bbox 850 688 1025 722; x_wconf 85' lang='lat' dir='ltr'>multorum</span> <span class='ocrx_word' id='word_1_40' title='bbox 1056 690 1231 732; x_wconf 89' lang='lat' dir='ltr'>inquisicio</span> <span class='ocrx_word' id='word_1_41' title='bbox 1253 689 1375 720; x_wconf 87' lang='lat' dir='ltr'>nostris</span> <span class='ocrx_word' id='word_1_42' title='bbox 1396 684 1531 719; x_wconf 89' lang='lat' dir='ltr'>auribus</span> <span class='ocrx_word' id='word_1_43' title='bbox 1552 685 1709 731; x_wconf 75' lang='lat' dir='ltr'>patefecit</span> <span class='ocrx_word' id='word_1_44' title='bbox 1730 689 1761 718; x_wconf 90' lang='lat' dir='ltr'>et</span> <span class='ocrx_word' id='word_1_45' title='bbox 1783 696 1895 719; x_wconf 84' lang='lat' dir='ltr'>rerum</span> <span class='ocrx_word' id='word_1_46' title='bbox 1917 687 2132 732; x_wconf 80' lang='lat' dir='ltr'>experiencia</span> 
     </span>
     <span class='ocr_line' id='line_1_8' title="bbox 264 745 2133 795; baseline -0.003 -11"><span class='ocrx_word' id='word_1_47' title='bbox 264 762 324 784; x_wconf 86' lang='lat' dir='ltr'>nos</span> <span class='ocrx_word' id='word_1_48' title='bbox 354 751 497 784; x_wconf 83' lang='lat' dir='ltr'>edocuit.</span> <span class='ocrx_word' id='word_1_49' title='bbox 528 750 613 795; x_wconf 88' lang='lat' dir='ltr'>quod</span> <span class='ocrx_word' id='word_1_50' title='bbox 644 749 794 795; x_wconf 77' lang='lat' dir='ltr'>plerique</span> <span class='ocrx_word' id='word_1_51' title='bbox 824 749 937 782; x_wconf 85' lang='lat' dir='ltr'>clerici</span> <span class='ocrx_word' id='word_1_52' title='bbox 967 751 1141 793; x_wconf 72' lang='lat' dir='ltr'>exquisitis</span> <span class='ocrx_word' id='word_1_53' title='bbox 1184 747 1354 781; x_wconf 78' lang='lat' dir='ltr'>fraudibus</span> <span class='ocrx_word' id='word_1_54' title='bbox 1383 751 1415 780; x_wconf 88' lang='lat' dir='ltr'>et</span> <span class='ocrx_word' id='word_1_55' title='bbox 1443 745 1682 792; x_wconf 75' lang='lat' dir='ltr'>apparentibus</span> <span class='ocrx_word' id='word_1_56' title='bbox 1712 749 1820 791; x_wconf 77' lang='lat' dir='ltr'>magis</span> <span class='ocrx_word' id='word_1_57' title='bbox 1849 756 1946 792; x_wconf 89' lang='lat' dir='ltr'>quam</span> <span class='ocrx_word' id='word_1_58' title='bbox 1976 749 2133 780; x_wconf 86' lang='lat' dir='ltr'>existen-</span> 
     </span>
     <span class='ocr_line' id='line_1_9' title="bbox 264 807 2134 854; baseline -0.002 -9"><span class='ocrx_word' id='word_1_59' title='bbox 264 811 349 845; x_wconf 73' lang='lat' dir='ltr'>tibus</span> <span class='ocrx_word' id='word_1_60' title='bbox 381 810 686 845; x_wconf 84' lang='lat' dir='ltr'>machinacionibus</span> <span class='ocrx_word' id='word_1_61' title='bbox 715 821 773 843; x_wconf 84' lang='lat' dir='ltr'>sua</span> <span class='ocrx_word' id='word_1_62' title='bbox 804 809 964 843; x_wconf 76' lang='lat' dir='ltr'>beneficia</span> <span class='ocrx_word' id='word_1_63' title='bbox 996 809 1125 842; x_wconf 80' lang='lat' dir='ltr'>insimul</span> <span class='ocrx_word' id='word_1_64' title='bbox 1143 812 1334 854; x_wconf 80' lang='lat' dir='ltr'>permutare</span> <span class='ocrx_word' id='word_1_65' title='bbox 1354 807 1509 841; x_wconf 78' lang='lat' dir='ltr'>volentes</span> <span class='ocrx_word' id='word_1_66' title='bbox 1540 809 1758 841; x_wconf 84' lang='lat' dir='ltr'>simoniacam</span> <span class='ocrx_word' id='word_1_67' title='bbox 1781 810 1868 841; x_wconf 88' lang='lat' dir='ltr'>inter</span> <span class='ocrx_word' id='word_1_68' title='bbox 1887 818 1924 841; x_wconf 92' lang='lat' dir='ltr'>se</span> <span class='ocrx_word' id='word_1_69' title='bbox 1944 809 2134 853; x_wconf 73' lang='lat' dir='ltr'>pecuniam,</span> 
     </span>
     <span class='ocr_line' id='line_1_10' title="bbox 265 867 2136 914; baseline -0.002 -9"><span class='ocrx_word' id='word_1_70' title='bbox 265 883 323 905; x_wconf 91' lang='lat' dir='ltr'>seu</span> <span class='ocrx_word' id='word_1_71' title='bbox 354 883 389 904; x_wconf 88' lang='lat' dir='ltr'>re</span> <span class='ocrx_word' id='word_1_72' title='bbox 419 871 479 904; x_wconf 86' lang='lat' dir='ltr'>alia</span> <span class='ocrx_word' id='word_1_73' title='bbox 512 874 757 904; x_wconf 83' lang='lat' dir='ltr'>interveniente</span> <span class='ocrx_word' id='word_1_74' title='bbox 789 874 971 903; x_wconf 80' lang='lat' dir='ltr'>exerceant</span> <span class='ocrx_word' id='word_1_75' title='bbox 993 872 1205 914; x_wconf 74' lang='lat' dir='ltr'>pravitatem.</span> <span class='ocrx_word' id='word_1_76' title='bbox 1237 868 1364 902; x_wconf 87' lang='lat' dir='ltr'>Verum</span> <span class='ocrx_word' id='word_1_77' title='bbox 1395 871 1471 913; x_wconf 83' lang='lat' dir='ltr'>quia</span> <span class='ocrx_word' id='word_1_78' title='bbox 1493 867 1557 901; x_wconf 86' lang='lat' dir='ltr'>hoc</span> <span class='ocrx_word' id='word_1_79' title='bbox 1587 870 1733 913; x_wconf 89' lang='lat' dir='ltr'>iniquum</span> <span class='ocrx_word' id='word_1_80' title='bbox 1757 872 1808 902; x_wconf 88' lang='lat' dir='ltr'>est</span> <span class='ocrx_word' id='word_1_81' title='bbox 1836 872 1867 902; x_wconf 92' lang='lat' dir='ltr'>et</span> <span class='ocrx_word' id='word_1_82' title='bbox 1889 870 1996 902; x_wconf 90' lang='lat' dir='ltr'>sacris</span> <span class='ocrx_word' id='word_1_83' title='bbox 2024 878 2136 902; x_wconf 86' lang='lat' dir='ltr'>cano-</span> 
     </span>
     <span class='ocr_line' id='line_1_11' title="bbox 266 928 2136 975; baseline -0.001 -11"><span class='ocrx_word' id='word_1_84' title='bbox 266 932 361 965; x_wconf 82' lang='lat' dir='ltr'>nibus</span> <span class='ocrx_word' id='word_1_85' title='bbox 400 935 564 965; x_wconf 88' lang='lat' dir='ltr'>inimicum</span> <span class='ocrx_word' id='word_1_86' title='bbox 602 936 632 963; x_wconf 85' lang='lat' dir='ltr'>et</span> <span class='ocrx_word' id='word_1_87' title='bbox 671 931 747 964; x_wconf 88' lang='lat' dir='ltr'>idco</span> <span class='ocrx_word' id='word_1_88' title='bbox 788 941 853 964; x_wconf 90' lang='lat' dir='ltr'>non</span> <span class='ocrx_word' id='word_1_89' title='bbox 891 929 1016 963; x_wconf 87' lang='lat' dir='ltr'>debere</span> <span class='ocrx_word' id='word_1_90' title='bbox 1052 930 1262 974; x_wconf 89' lang='lat' dir='ltr'>aliquatenus</span> <span class='ocrx_word' id='word_1_91' title='bbox 1300 928 1447 963; x_wconf 89' lang='lat' dir='ltr'>tolerari.</span> <span class='ocrx_word' id='word_1_92' title='bbox 1485 929 1641 963; x_wconf 80' lang='lat' dir='ltr'>duximus</span> <span class='ocrx_word' id='word_1_93' title='bbox 1676 928 1937 974; x_wconf 83' lang='lat' dir='ltr'>providendum,</span> <span class='ocrx_word' id='word_1_94' title='bbox 1975 928 2064 975; x_wconf 87' lang='lat' dir='ltr'>quod</span> <span class='ocrx_word' id='word_1_95' title='bbox 2094 928 2136 963; x_wconf 88' lang='lat' dir='ltr'>de</span> 
     </span>
     <span class='ocr_line' id='line_1_12' title="bbox 266 978 2138 1037; baseline -0.001 -12"><span class='ocrx_word' id='word_1_96' title='bbox 266 997 380 1025; x_wconf 84' lang='lat' dir='ltr'>cetero</span> <span class='ocrx_word' id='word_1_97' title='bbox 410 995 677 1037; x_wconf 86' lang='lat' dir='ltr'>permutaciones</span> <span class='ocrx_word' id='word_1_98' title='bbox 713 991 930 1024; x_wconf 88' lang='lat' dir='ltr'>ecclesiarum</span> <span class='ocrx_word' id='word_1_99' title='bbox 969 990 1057 1024; x_wconf 91' lang='lat' dir='ltr'>nulle</span> <span class='ocrx_word' id='word_1_100' title='bbox 1096 989 1186 1031; x_wconf 68' lang='lat' dir='ltr'>fiant‚</span> <span class='ocrx_word' id='word_1_101' title='bbox 1217 992 1279 1023; x_wconf 92' lang='lat' dir='ltr'>nisi</span> <span class='ocrx_word' id='word_1_102' title='bbox 1308 992 1400 1035; x_wconf 92' lang='lat' dir='ltr'>prius</span> <span class='ocrx_word' id='word_1_103' title='bbox 1429 988 1525 1023; x_wconf 90' lang='lat' dir='ltr'>nobis</span> <span class='ocrx_word' id='word_1_104' title='bbox 1554 1000 1615 1035; x_wconf 90' lang='lat' dir='ltr'>per</span> <span class='ocrx_word' id='word_1_105' title='bbox 1643 990 1806 1023; x_wconf 89' lang='lat' dir='ltr'>decanum</span> <span class='ocrx_word' id='word_1_106' title='bbox 1837 978 1981 1024; x_wconf 79' lang='lat' dir='ltr'>ruralem</span> <span class='ocrx_word' id='word_1_107' title='bbox 2010 989 2076 1024; x_wconf 84' lang='lat' dir='ltr'>loci</span> <span class='ocrx_word' id='word_1_108' title='bbox 2105 993 2138 1024; x_wconf 78' lang='lat' dir='ltr'>et</span> 
     </span>
     <span class='ocr_line' id='line_1_13' title="bbox 268 1049 2136 1098; baseline 0.001 -13"><span class='ocrx_word' id='word_1_109' title='bbox 268 1053 352 1086; x_wconf 78' lang='lat' dir='ltr'>duos</span> <span class='ocrx_word' id='word_1_110' title='bbox 383 1055 563 1085; x_wconf 71' lang='lat' dir='ltr'>viciniores</span> <span class='ocrx_word' id='word_1_111' title='bbox 593 1057 623 1085; x_wconf 86' lang='lat' dir='ltr'>et</span> <span class='ocrx_word' id='word_1_112' title='bbox 654 1052 863 1085; x_wconf 80' lang='lat' dir='ltr'>honestiores</span> <span class='ocrx_word' id='word_1_113' title='bbox 893 1051 1035 1084; x_wconf 89' lang='lat' dir='ltr'>clericos</span> <span class='ocrx_word' id='word_1_114' title='bbox 1073 1050 1160 1084; x_wconf 83' lang='lat' dir='ltr'>facta</span> <span class='ocrx_word' id='word_1_115' title='bbox 1200 1050 1300 1084; x_wconf 86' lang='lat' dir='ltr'>fucrit</span> <span class='ocrx_word' id='word_1_116' title='bbox 1328 1050 1425 1096; x_wconf 89' lang='lat' dir='ltr'>plena</span> <span class='ocrx_word' id='word_1_117' title='bbox 1458 1050 1559 1084; x_wconf 86' lang='lat' dir='ltr'>fides:</span> <span class='ocrx_word' id='word_1_118' title='bbox 1590 1049 1708 1095; x_wconf 90' lang='lat' dir='ltr'>quibus</span> <span class='ocrx_word' id='word_1_119' title='bbox 1737 1061 1782 1084; x_wconf 88' lang='lat' dir='ltr'>ex</span> <span class='ocrx_word' id='word_1_120' title='bbox 1811 1053 1922 1085; x_wconf 89' lang='lat' dir='ltr'>causis</span> <span class='ocrx_word' id='word_1_121' title='bbox 1950 1053 2021 1097; x_wconf 84' lang='lat' dir='ltr'>ipsa</span> <span class='ocrx_word' id='word_1_122' title='bbox 2048 1061 2136 1098; x_wconf 88' lang='lat' dir='ltr'>per-</span> 
     </span>
     <span class='ocr_line' id='line_1_14' title="bbox 268 1111 2138 1158; baseline 0 -12"><span class='ocrx_word' id='word_1_123' title='bbox 268 1116 410 1146; x_wconf 85' lang='lat' dir='ltr'>niutacio</span> <span class='ocrx_word' id='word_1_124' title='bbox 441 1112 506 1153; x_wconf 78' lang='lat' dir='ltr'>liet,</span> <span class='ocrx_word' id='word_1_125' title='bbox 536 1123 576 1146; x_wconf 88' lang='lat' dir='ltr'>eo</span> <span class='ocrx_word' id='word_1_126' title='bbox 606 1113 690 1158; x_wconf 86' lang='lat' dir='ltr'>quod</span> <span class='ocrx_word' id='word_1_127' title='bbox 722 1115 860 1146; x_wconf 87' lang='lat' dir='ltr'>simonia</span> <span class='ocrx_word' id='word_1_128' title='bbox 892 1111 946 1145; x_wconf 76' lang='lat' dir='ltr'>vel</span> <span class='ocrx_word' id='word_1_129' title='bbox 975 1114 1092 1157; x_wconf 90' lang='lat' dir='ltr'>paccio</span> <span class='ocrx_word' id='word_1_130' title='bbox 1122 1112 1184 1145; x_wconf 90' lang='lat' dir='ltr'>alia</span> <span class='ocrx_word' id='word_1_131' title='bbox 1215 1111 1326 1145; x_wconf 88' lang='lat' dir='ltr'>illicita</span> <span class='ocrx_word' id='word_1_132' title='bbox 1356 1122 1421 1145; x_wconf 92' lang='lat' dir='ltr'>non</span> <span class='ocrx_word' id='word_1_133' title='bbox 1452 1114 1708 1155; x_wconf 67' lang='lat' dir='ltr'>intervenerint,</span> <span class='ocrx_word' id='word_1_134' title='bbox 1738 1111 1827 1146; x_wconf 89' lang='lat' dir='ltr'>nullo</span> <span class='ocrx_word' id='word_1_135' title='bbox 1851 1112 1963 1155; x_wconf 78' lang='lat' dir='ltr'>modo,</span> <span class='ocrx_word' id='word_1_136' title='bbox 1992 1111 2138 1158; x_wconf 84' lang='lat' dir='ltr'>alioquin</span> 
     </span>
     <span class='ocr_line' id='line_1_15' title="bbox 267 1171 2138 1218; baseline 0.001 -11"><span class='ocrx_word' id='word_1_137' title='bbox 267 1174 326 1207; x_wconf 82' lang='lat' dir='ltr'>sub</span> <span class='ocrx_word' id='word_1_138' title='bbox 357 1174 418 1207; x_wconf 85' lang='lat' dir='ltr'>alia</span> <span class='ocrx_word' id='word_1_139' title='bbox 451 1174 555 1207; x_wconf 85' lang='lat' dir='ltr'>i&#39;orma</span> <span class='ocrx_word' id='word_1_140' title='bbox 586 1173 661 1206; x_wconf 85' lang='lat' dir='ltr'>huic</span> <span class='ocrx_word' id='word_1_141' title='bbox 691 1176 856 1207; x_wconf 89' lang='lat' dir='ltr'>contraria</span> <span class='ocrx_word' id='word_1_142' title='bbox 897 1183 955 1206; x_wconf 88' lang='lat' dir='ltr'>sua</span> <span class='ocrx_word' id='word_1_143' title='bbox 992 1171 1154 1206; x_wconf 90' lang='lat' dir='ltr'>beneficia</span> <span class='ocrx_word' id='word_1_144' title='bbox 1193 1183 1254 1218; x_wconf 88' lang='lat' dir='ltr'>per</span> <span class='ocrx_word' id='word_1_145' title='bbox 1291 1172 1510 1206; x_wconf 85' lang='lat' dir='ltr'>collusionem</span> <span class='ocrx_word' id='word_1_146' title='bbox 1550 1171 1752 1206; x_wconf 87' lang='lat' dir='ltr'>dimittentes</span> <span class='ocrx_word' id='word_1_147' title='bbox 1791 1177 1824 1207; x_wconf 89' lang='lat' dir='ltr'>et</span> <span class='ocrx_word' id='word_1_148' title='bbox 1861 1173 1944 1208; x_wconf 86' lang='lat' dir='ltr'>alias</span> <span class='ocrx_word' id='word_1_149' title='bbox 1973 1172 2138 1208; x_wconf 82' lang='lat' dir='ltr'>ecclesias</span> 
     </span>
     <span class='ocr_line' id='line_1_16' title="bbox 268 1232 1896 1280; baseline 0 -13"><span class='ocrx_word' id='word_1_150' title='bbox 268 1234 492 1268; x_wconf 79' lang='lat' dir='ltr'>subintrantes</span> <span class='ocrx_word' id='word_1_151' title='bbox 522 1237 643 1267; x_wconf 80' lang='lat' dir='ltr'>vii-tute</span> <span class='ocrx_word' id='word_1_152' title='bbox 673 1236 838 1279; x_wconf 84' lang='lat' dir='ltr'>presentis</span> <span class='ocrx_word' id='word_1_153' title='bbox 868 1236 979 1266; x_wconf 80' lang='lat' dir='ltr'>statuti</span> <span class='ocrx_word' id='word_1_154' title='bbox 1009 1233 1162 1267; x_wconf 87' lang='lat' dir='ltr'>ecclesiis</span> <span class='ocrx_word' id='word_1_155' title='bbox 1192 1235 1240 1267; x_wconf 92' lang='lat' dir='ltr'>sic</span> <span class='ocrx_word' id='word_1_156' title='bbox 1270 1232 1390 1267; x_wconf 88' lang='lat' dir='ltr'>habitis</span> <span class='ocrx_word' id='word_1_157' title='bbox 1419 1237 1451 1267; x_wconf 89' lang='lat' dir='ltr'>ct</span> <span class='ocrx_word' id='word_1_158' title='bbox 1481 1232 1642 1267; x_wconf 88' lang='lat' dir='ltr'>habituris</span> <span class='ocrx_word' id='word_1_159' title='bbox 1670 1236 1735 1267; x_wconf 89' lang='lat' dir='ltr'>sint</span> <span class='ocrx_word' id='word_1_160' title='bbox 1763 1236 1896 1280; x_wconf 87' lang='lat' dir='ltr'>privati.</span> 
     </span>
    </p>
   </div>
   <div class='ocr_carea' id='block_1_6' title="bbox 333 1424 2086 1472">
    <p class='ocr_par' dir='ltr' id='par_1_6' title="bbox 333 1424 2086 1472">
     <span class='ocr_line' id='line_1_17' title="bbox 333 1424 2086 1472; baseline 0.002 -15"><span class='ocrx_word' id='word_1_161' title='bbox 333 1424 388 1457; x_wconf 88' lang='lat' dir='ltr'>l)e</span> <span class='ocrx_word' id='word_1_162' title='bbox 419 1428 717 1458; x_wconf 86' lang='lat' dir='ltr'>coercicione</span> <span class='ocrx_word' id='word_1_163' title='bbox 746 1429 1036 1470; x_wconf 87' lang='lat' dir='ltr'>patronorum</span> <span class='ocrx_word' id='word_1_164' title='bbox 1067 1427 1107 1458; x_wconf 91' lang='lat' dir='ltr'>in</span> <span class='ocrx_word' id='word_1_165' title='bbox 1138 1424 1372 1470; x_wconf 65' lang='lat' dir='ltr'>plebanos,</span> <span class='ocrx_word' id='word_1_166' title='bbox 1403 1429 1440 1458; x_wconf 85' lang='lat' dir='ltr'>ut</span> <span class='ocrx_word' id='word_1_167' title='bbox 1471 1436 1545 1459; x_wconf 91' lang='lat' dir='ltr'>sua</span> <span class='ocrx_word' id='word_1_168' title='bbox 1576 1424 1810 1459; x_wconf 81' lang='lat' dir='ltr'>beneficia</span> <span class='ocrx_word' id='word_1_169' title='bbox 1841 1427 2086 1472; x_wconf 85' lang='lat' dir='ltr'>accipiant.</span> 
     </span>
    </p>
   </div>
   <div class='ocr_carea' id='block_1_7' title="bbox 273 1512 2145 1860">
    <p class='ocr_par' dir='ltr' id='par_1_7' title="bbox 273 1512 2145 1860">
     <span class='ocr_line' id='line_1_18' title="bbox 429 1512 2142 1560; baseline 0.003 -17"><span class='ocrx_word' id='word_1_170' title='bbox 429 1512 510 1544; x_wconf 79' lang='lat' dir='ltr'>Sunt</span> <span class='ocrx_word' id='word_1_171' title='bbox 541 1512 684 1545; x_wconf 85' lang='lat' dir='ltr'>nonnulli</span> <span class='ocrx_word' id='word_1_172' title='bbox 716 1515 820 1545; x_wconf 89' lang='lat' dir='ltr'>eciam</span> <span class='ocrx_word' id='word_1_173' title='bbox 861 1512 985 1545; x_wconf 87' lang='lat' dir='ltr'>clerici.</span> <span class='ocrx_word' id='word_1_174' title='bbox 1022 1514 1075 1557; x_wconf 90' lang='lat' dir='ltr'>qui</span> <span class='ocrx_word' id='word_1_175' title='bbox 1115 1514 1276 1557; x_wconf 85' lang='lat' dir='ltr'>patronis.</span> <span class='ocrx_word' id='word_1_176' title='bbox 1315 1514 1388 1545; x_wconf 82' lang='lat' dir='ltr'>sive</span> <span class='ocrx_word' id='word_1_177' title='bbox 1427 1512 1499 1546; x_wconf 88' lang='lat' dir='ltr'>aliis</span> <span class='ocrx_word' id='word_1_178' title='bbox 1538 1523 1654 1546; x_wconf 90' lang='lat' dir='ltr'>eorum</span> <span class='ocrx_word' id='word_1_179' title='bbox 1695 1513 1848 1558; x_wconf 85' lang='lat' dir='ltr'>dominis,</span> <span class='ocrx_word' id='word_1_180' title='bbox 1879 1512 2142 1560; x_wconf 79' lang='lat' dir='ltr'>quibuscumque</span> 
     </span>
     <span class='ocr_line' id='line_1_19' title="bbox 273 1571 2141 1618; baseline 0.002 -13"><span class='ocrx_word' id='word_1_181' title='bbox 273 1572 459 1605; x_wconf 69' lang='lat' dir='ltr'>nominibus</span> <span class='ocrx_word' id='word_1_182' title='bbox 489 1578 701 1607; x_wconf 81' lang='lat' dir='ltr'>censeantur.</span> <span class='ocrx_word' id='word_1_183' title='bbox 727 1577 792 1606; x_wconf 90' lang='lat' dir='ltr'>tum</span> <span class='ocrx_word' id='word_1_184' title='bbox 823 1584 882 1618; x_wconf 82' lang='lat' dir='ltr'>pro</span> <span class='ocrx_word' id='word_1_185' title='bbox 912 1584 1028 1606; x_wconf 89' lang='lat' dir='ltr'>eorum</span> <span class='ocrx_word' id='word_1_186' title='bbox 1059 1583 1123 1606; x_wconf 88' lang='lat' dir='ltr'>non</span> <span class='ocrx_word' id='word_1_187' title='bbox 1145 1571 1269 1606; x_wconf 88' lang='lat' dir='ltr'>faciunt</span> <span class='ocrx_word' id='word_1_188' title='bbox 1289 1571 1379 1606; x_wconf 90' lang='lat' dir='ltr'>libitu</span> <span class='ocrx_word' id='word_1_189' title='bbox 1406 1572 1599 1615; x_wconf 73' lang='lat' dir='ltr'>voluntatis,</span> <span class='ocrx_word' id='word_1_190' title='bbox 1621 1584 1680 1607; x_wconf 87' lang='lat' dir='ltr'>seu</span> <span class='ocrx_word' id='word_1_191' title='bbox 1701 1584 1767 1607; x_wconf 88' lang='lat' dir='ltr'>non</span> <span class='ocrx_word' id='word_1_192' title='bbox 1788 1573 1944 1608; x_wconf 83' lang='lat' dir='ltr'>faciendo</span> <span class='ocrx_word' id='word_1_193' title='bbox 1965 1573 2006 1608; x_wconf 82' lang='lat' dir='ltr'>ad</span> <span class='ocrx_word' id='word_1_194' title='bbox 2027 1577 2141 1608; x_wconf 89' lang='lat' dir='ltr'>nutum</span> 
     </span>
     <span class='ocr_line' id='line_1_20' title="bbox 273 1632 2142 1681; baseline 0.002 -15"><span class='ocrx_word' id='word_1_195' title='bbox 273 1644 387 1666; x_wconf 90' lang='lat' dir='ltr'>eorum</span> <span class='ocrx_word' id='word_1_196' title='bbox 428 1636 583 1667; x_wconf 79' lang='lat' dir='ltr'>existant.</span> <span class='ocrx_word' id='word_1_197' title='bbox 619 1638 741 1677; x_wconf 69' lang='lat' dir='ltr'>cogunt</span> <span class='ocrx_word' id='word_1_198' title='bbox 780 1645 839 1667; x_wconf 85' lang='lat' dir='ltr'>eos</span> <span class='ocrx_word' id='word_1_199' title='bbox 877 1634 916 1667; x_wconf 91' lang='lat' dir='ltr'>ad</span> <span class='ocrx_word' id='word_1_200' title='bbox 957 1632 1131 1668; x_wconf 77' lang='lat' dir='ltr'>beneficia.</span> <span class='ocrx_word' id='word_1_201' title='bbox 1171 1645 1235 1679; x_wconf 85' lang='lat' dir='ltr'>que</span> <span class='ocrx_word' id='word_1_202' title='bbox 1273 1636 1321 1667; x_wconf 91' lang='lat' dir='ltr'>sic</span> <span class='ocrx_word' id='word_1_203' title='bbox 1360 1632 1401 1667; x_wconf 88' lang='lat' dir='ltr'>ab</span> <span class='ocrx_word' id='word_1_204' title='bbox 1438 1636 1486 1667; x_wconf 88' lang='lat' dir='ltr'>eis</span> <span class='ocrx_word' id='word_1_205' title='bbox 1517 1634 1687 1679; x_wconf 87' lang='lat' dir='ltr'>possident</span> <span class='ocrx_word' id='word_1_206' title='bbox 1716 1634 1954 1680; x_wconf 83' lang='lat' dir='ltr'>permutanda:</span> <span class='ocrx_word' id='word_1_207' title='bbox 2003 1645 2048 1669; x_wconf 88' lang='lat' dir='ltr'>ex</span> <span class='ocrx_word' id='word_1_208' title='bbox 2076 1645 2142 1681; x_wconf 90' lang='lat' dir='ltr'>quo</span> 
     </span>
     <span class='ocr_line' id='line_1_21' title="bbox 273 1693 2145 1740; baseline 0.003 -15"><span class='ocrx_word' id='word_1_209' title='bbox 273 1696 469 1730; x_wconf 63' lang='lat' dir='ltr'>gravamina</span> <span class='ocrx_word' id='word_1_210' title='bbox 501 1705 564 1727; x_wconf 93' lang='lat' dir='ltr'>non</span> <span class='ocrx_word' id='word_1_211' title='bbox 596 1695 723 1727; x_wconf 88' lang='lat' dir='ltr'>modica</span> <span class='ocrx_word' id='word_1_212' title='bbox 755 1698 786 1727; x_wconf 86' lang='lat' dir='ltr'>et</span> <span class='ocrx_word' id='word_1_213' title='bbox 816 1694 962 1739; x_wconf 85' lang='lat' dir='ltr'>pericula</span> <span class='ocrx_word' id='word_1_214' title='bbox 995 1697 1024 1728; x_wconf 92' lang='lat' dir='ltr'>in</span> <span class='ocrx_word' id='word_1_215' title='bbox 1055 1693 1281 1740; x_wconf 86' lang='lat' dir='ltr'>spiritualibus</span> <span class='ocrx_word' id='word_1_216' title='bbox 1311 1699 1343 1728; x_wconf 89' lang='lat' dir='ltr'>ct</span> <span class='ocrx_word' id='word_1_217' title='bbox 1372 1694 1611 1740; x_wconf 85' lang='lat' dir='ltr'>temporalibus</span> <span class='ocrx_word' id='word_1_218' title='bbox 1641 1698 1818 1740; x_wconf 85' lang='lat' dir='ltr'>insurgunt</span> <span class='ocrx_word' id='word_1_219' title='bbox 1860 1696 2080 1730; x_wconf 87' lang='lat' dir='ltr'>ecclesiarum</span> <span class='ocrx_word' id='word_1_220' title='bbox 2111 1701 2145 1730; x_wconf 88' lang='lat' dir='ltr'>et</span> 
     </span>
     <span class='ocr_line' id='line_1_22' title="bbox 273 1753 2144 1801; baseline 0.004 -16"><span class='ocrx_word' id='word_1_221' title='bbox 273 1765 491 1800; x_wconf 79' lang='lat' dir='ltr'>pei-sonarum</span> <span class='ocrx_word' id='word_1_222' title='bbox 514 1754 717 1787; x_wconf 73' lang='lat' dir='ltr'>earumdem,</span> <span class='ocrx_word' id='word_1_223' title='bbox 748 1753 817 1787; x_wconf 79' lang='lat' dir='ltr'>Nos</span> <span class='ocrx_word' id='word_1_224' title='bbox 839 1758 948 1800; x_wconf 80' lang='lat' dir='ltr'>itaque</span> <span class='ocrx_word' id='word_1_225' title='bbox 978 1755 1016 1788; x_wconf 90' lang='lat' dir='ltr'>ad</span> <span class='ocrx_word' id='word_1_226' title='bbox 1049 1759 1113 1788; x_wconf 84' lang='lat' dir='ltr'>tani</span> <span class='ocrx_word' id='word_1_227' title='bbox 1145 1755 1342 1789; x_wconf 85' lang='lat' dir='ltr'>detestabile</span> <span class='ocrx_word' id='word_1_228' title='bbox 1373 1758 1486 1789; x_wconf 82' lang='lat' dir='ltr'>vitium</span> <span class='ocrx_word' id='word_1_229' title='bbox 1518 1756 1770 1801; x_wconf 76' lang='lat' dir='ltr'>exstirpandum</span> <span class='ocrx_word' id='word_1_230' title='bbox 1803 1757 1957 1791; x_wconf 84' lang='lat' dir='ltr'>duximus</span> <span class='ocrx_word' id='word_1_231' title='bbox 1986 1761 2144 1792; x_wconf 86' lang='lat' dir='ltr'>statuen-</span> 
     </span>
     <span class='ocr_line' id='line_1_23' title="bbox 274 1814 2144 1860; baseline 0.003 -13"><span class='ocrx_word' id='word_1_232' title='bbox 274 1815 363 1847; x_wconf 89' lang='lat' dir='ltr'>dum.</span> <span class='ocrx_word' id='word_1_233' title='bbox 393 1815 476 1859; x_wconf 86' lang='lat' dir='ltr'>quod</span> <span class='ocrx_word' id='word_1_234' title='bbox 509 1818 568 1860; x_wconf 87' lang='lat' dir='ltr'>ipsi</span> <span class='ocrx_word' id='word_1_235' title='bbox 599 1815 710 1848; x_wconf 85' lang='lat' dir='ltr'>cleriei</span> <span class='ocrx_word' id='word_1_236' title='bbox 742 1814 858 1848; x_wconf 84' lang='lat' dir='ltr'>talibus</span> <span class='ocrx_word' id='word_1_237' title='bbox 889 1815 1125 1849; x_wconf 86' lang='lat' dir='ltr'>coaccionibus</span> <span class='ocrx_word' id='word_1_238' title='bbox 1159 1827 1224 1849; x_wconf 93' lang='lat' dir='ltr'>non</span> <span class='ocrx_word' id='word_1_239' title='bbox 1261 1818 1463 1850; x_wconf 85' lang='lat' dir='ltr'>assenciant.</span> <span class='ocrx_word' id='word_1_240' title='bbox 1494 1816 1552 1850; x_wconf 88' lang='lat' dir='ltr'>scd</span> <span class='ocrx_word' id='word_1_241' title='bbox 1584 1816 1656 1850; x_wconf 88' lang='lat' dir='ltr'>illos</span> <span class='ocrx_word' id='word_1_242' title='bbox 1685 1816 1782 1850; x_wconf 92' lang='lat' dir='ltr'>nobis</span> <span class='ocrx_word' id='word_1_243' title='bbox 1812 1816 1873 1851; x_wconf 91' lang='lat' dir='ltr'>sub</span> <span class='ocrx_word' id='word_1_244' title='bbox 1903 1821 2144 1852; x_wconf 88' lang='lat' dir='ltr'>excommuni-</span> 
     </span>
    </p>
   </div>
   <div class='ocr_carea' id='block_1_8' title="bbox 275 1876 2146 1969">
    <p class='ocr_par' dir='ltr' id='par_1_8' title="bbox 275 1876 2146 1969">
     <span class='ocr_line' id='line_1_24' title="bbox 275 1876 2146 1925; baseline 0.003 -18"><span class='ocrx_word' id='word_1_245' title='bbox 275 1878 422 1908; x_wconf 68' lang='lat' dir='ltr'>cacionis</span> <span class='ocrx_word' id='word_1_246' title='bbox 453 1887 536 1920; x_wconf 84' lang='lat' dir='ltr'>pena</span> <span class='ocrx_word' id='word_1_247' title='bbox 567 1876 770 1908; x_wconf 86' lang='lat' dir='ltr'>denunciare</span> <span class='ocrx_word' id='word_1_248' title='bbox 801 1880 976 1909; x_wconf 86' lang='lat' dir='ltr'>teneantur</span> <span class='ocrx_word' id='word_1_249' title='bbox 1006 1876 1150 1910; x_wconf 88' lang='lat' dir='ltr'>indilate.</span> <span class='ocrx_word' id='word_1_250' title='bbox 1182 1880 1311 1923; x_wconf 89' lang='lat' dir='ltr'>patroni</span> <span class='ocrx_word' id='word_1_251' title='bbox 1343 1888 1427 1911; x_wconf 83' lang='lat' dir='ltr'>vero</span> <span class='ocrx_word' id='word_1_252' title='bbox 1449 1877 1523 1910; x_wconf 87' lang='lat' dir='ltr'>talia</span> <span class='ocrx_word' id='word_1_253' title='bbox 1547 1880 1796 1912; x_wconf 87' lang='lat' dir='ltr'>committentes</span> <span class='ocrx_word' id='word_1_254' title='bbox 1821 1879 1900 1922; x_wconf 89' lang='lat' dir='ltr'>jure</span> <span class='ocrx_word' id='word_1_255' title='bbox 1930 1878 2146 1925; x_wconf 82' lang='lat' dir='ltr'>presentandi</span> 
     </span>
     <span class='ocr_line' id='line_1_25' title="bbox 276 1939 596 1969; baseline 0 -2"><span class='ocrx_word' id='word_1_256' title='bbox 276 1942 409 1968; x_wconf 75' lang='lat' dir='ltr'>careum</span> <span class='ocrx_word' id='word_1_257' title='bbox 442 1948 479 1968; x_wconf 86' lang='lat' dir='ltr'>ea</span> <span class='ocrx_word' id='word_1_258' title='bbox 512 1939 596 1969; x_wconf 70' lang='lat' dir='ltr'>vice.</span> 
     </span>
    </p>
   </div>
   <div class='ocr_carea' id='block_1_9' title="bbox 1170 1990 1244 2024">
    <p class='ocr_par' dir='ltr' id='par_1_9' title="bbox 1170 1990 1244 2024">
     <span class='ocr_line' id='line_1_26' title="bbox 1170 1990 1244 2024; baseline -0.014 0"><span class='ocrx_word' id='word_1_259' title='bbox 1170 1990 1244 2024; x_wconf 82' lang='lat' dir='ltr'>xit.</span> 
     </span>
    </p>
   </div>
   <div class='ocr_carea' id='block_1_10' title="bbox 345 2065 2075 2115">
    <p class='ocr_par' dir='ltr' id='par_1_10' title="bbox 345 2065 2075 2115">
     <span class='ocr_line' id='line_1_27' title="bbox 345 2065 2075 2115; baseline 0.003 -17"><span class='ocrx_word' id='word_1_260' title='bbox 345 2065 400 2098; x_wconf 85' lang='lat' dir='ltr'>l)e</span> <span class='ocrx_word' id='word_1_261' title='bbox 431 2066 757 2100; x_wconf 72' lang='lat' dir='ltr'>celebracione</span> <span class='ocrx_word' id='word_1_262' title='bbox 789 2068 894 2101; x_wconf 70' lang='lat' dir='ltr'>sesti</span> <span class='ocrx_word' id='word_1_263' title='bbox 926 2079 977 2100; x_wconf 82' lang='lat' dir='ltr'>ss.</span> <span class='ocrx_word' id='word_1_264' title='bbox 1010 2068 1177 2111; x_wconf 64' lang='lat' dir='ltr'>t&#39;yrilli</span> <span class='ocrx_word' id='word_1_265' title='bbox 1207 2073 1243 2101; x_wconf 89' lang='lat' dir='ltr'>et</span> <span class='ocrx_word' id='word_1_266' title='bbox 1273 2067 1505 2105; x_wconf 79' lang='lat' dir='ltr'>Methudii.</span> <span class='ocrx_word' id='word_1_267' title='bbox 1536 2073 1829 2115; x_wconf 85' lang='lat' dir='ltr'>patronorum</span> <span class='ocrx_word' id='word_1_268' title='bbox 1859 2069 2075 2105; x_wconf 84' lang='lat' dir='ltr'>Moravie.</span> 
     </span>
    </p>
   </div>
   <div class='ocr_carea' id='block_1_11' title="bbox 278 2155 2152 2743">
    <p class='ocr_par' dir='ltr' id='par_1_11' title="bbox 278 2155 2152 2743">
     <span class='ocr_line' id='line_1_28' title="bbox 433 2155 2147 2203; baseline 0.004 -18"><span class='ocrx_word' id='word_1_269' title='bbox 433 2156 493 2193; x_wconf 68' lang='lat' dir='ltr'>Qui</span> <span class='ocrx_word' id='word_1_270' title='bbox 525 2158 679 2198; x_wconf 78' lang='lat' dir='ltr'>suscepto</span> <span class='ocrx_word' id='word_1_271' title='bbox 715 2155 755 2186; x_wconf 91' lang='lat' dir='ltr'>de</span> <span class='ocrx_word' id='word_1_272' title='bbox 796 2166 892 2187; x_wconf 76' lang='lat' dir='ltr'>manu</span> <span class='ocrx_word' id='word_1_273' title='bbox 931 2155 1052 2188; x_wconf 88' lang='lat' dir='ltr'>domini</span> <span class='ocrx_word' id='word_1_274' title='bbox 1091 2166 1237 2201; x_wconf 85' lang='lat' dir='ltr'>superne</span> <span class='ocrx_word' id='word_1_275' title='bbox 1277 2155 1527 2190; x_wconf 87' lang='lat' dir='ltr'>benediccionis</span> <span class='ocrx_word' id='word_1_276' title='bbox 1563 2159 1691 2202; x_wconf 87' lang='lat' dir='ltr'>premio</span> <span class='ocrx_word' id='word_1_277' title='bbox 1725 2160 1757 2190; x_wconf 93' lang='lat' dir='ltr'>in</span> <span class='ocrx_word' id='word_1_278' title='bbox 1799 2159 2009 2202; x_wconf 78' lang='lat' dir='ltr'>perennitate</span> <span class='ocrx_word' id='word_1_279' title='bbox 2037 2157 2147 2203; x_wconf 82' lang='lat' dir='ltr'>glorie</span> 
     </span>
     <span class='ocr_line' id='line_1_29' title="bbox 278 2214 2146 2261; baseline 0.005 -18"><span class='ocrx_word' id='word_1_280' title='bbox 278 2216 471 2246; x_wconf 48' lang='lat' dir='ltr'>consistunt.</span> <span class='ocrx_word' id='word_1_281' title='bbox 504 2214 541 2246; x_wconf 77' lang='lat' dir='ltr'>ml</span> <span class='ocrx_word' id='word_1_282' title='bbox 573 2214 745 2247; x_wconf 77' lang='lat' dir='ltr'>dexteram</span> <span class='ocrx_word' id='word_1_283' title='bbox 777 2215 827 2247; x_wconf 89' lang='lat' dir='ltr'>dei</span> <span class='ocrx_word' id='word_1_284' title='bbox 860 2218 961 2260; x_wconf 84' lang='lat' dir='ltr'>patris</span> <span class='ocrx_word' id='word_1_285' title='bbox 992 2227 1111 2249; x_wconf 85' lang='lat' dir='ltr'>revera</span> <span class='ocrx_word' id='word_1_286' title='bbox 1143 2216 1266 2249; x_wconf 71' lang='lat' dir='ltr'>devote</span> <span class='ocrx_word' id='word_1_287' title='bbox 1300 2216 1447 2250; x_wconf 88' lang='lat' dir='ltr'>intuendi</span> <span class='ocrx_word' id='word_1_288' title='bbox 1477 2221 1553 2250; x_wconf 89' lang='lat' dir='ltr'>sunt</span> <span class='ocrx_word' id='word_1_289' title='bbox 1581 2221 1613 2250; x_wconf 83' lang='lat' dir='ltr'>et</span> <span class='ocrx_word' id='word_1_290' title='bbox 1641 2219 1730 2250; x_wconf 91' lang='lat' dir='ltr'>omni</span> <span class='ocrx_word' id='word_1_291' title='bbox 1753 2219 1982 2252; x_wconf 85' lang='lat' dir='ltr'>veneracione</span> <span class='ocrx_word' id='word_1_292' title='bbox 2001 2217 2146 2261; x_wconf 80' lang='lat' dir='ltr'>colendi,</span> 
     </span>
     <span class='ocr_line' id='line_1_30' title="bbox 283 2275 2148 2324; baseline 0.005 -20"><span class='ocrx_word' id='word_1_293' title='bbox 283 2278 311 2304; x_wconf 84' lang='lat' dir='ltr'>nt</span> <span class='ocrx_word' id='word_1_294' title='bbox 346 2279 468 2317; x_wconf 69' lang='lat' dir='ltr'>quamto</span> <span class='ocrx_word' id='word_1_295' title='bbox 499 2275 607 2307; x_wconf 73' lang='lat' dir='ltr'>divina</span> <span class='ocrx_word' id='word_1_296' title='bbox 640 2275 823 2308; x_wconf 74' lang='lat' dir='ltr'>clemencia</span> <span class='ocrx_word' id='word_1_297' title='bbox 856 2279 1018 2309; x_wconf 75' lang='lat' dir='ltr'>atti-ncius</span> <span class='ocrx_word' id='word_1_298' title='bbox 1049 2288 1163 2310; x_wconf 84' lang='lat' dir='ltr'>eornm</span> <span class='ocrx_word' id='word_1_299' title='bbox 1195 2276 1351 2323; x_wconf 85' lang='lat' dir='ltr'>precibus</span> <span class='ocrx_word' id='word_1_300' title='bbox 1387 2282 1558 2311; x_wconf 84' lang='lat' dir='ltr'>auctorem</span> <span class='ocrx_word' id='word_1_301' title='bbox 1598 2289 1657 2311; x_wconf 86' lang='lat' dir='ltr'>sue</span> <span class='ocrx_word' id='word_1_302' title='bbox 1696 2281 1827 2324; x_wconf 85' lang='lat' dir='ltr'>pietatis</span> <span class='ocrx_word' id='word_1_303' title='bbox 1857 2279 2026 2320; x_wconf 71' lang='lat' dir='ltr'>inclinant,</span> <span class='ocrx_word' id='word_1_304' title='bbox 2056 2282 2148 2314; x_wconf 80' lang='lat' dir='ltr'>tanto</span> 
     </span>
     <span class='ocr_line' id='line_1_31' title="bbox 281 2336 2148 2385; baseline 0.004 -19"><span class='ocrx_word' id='word_1_305' title='bbox 281 2337 351 2378; x_wconf 51' lang='lat' dir='ltr'>ipsi.</span> <span class='ocrx_word' id='word_1_306' title='bbox 383 2337 435 2377; x_wconf 77' lang='lat' dir='ltr'>qui</span> <span class='ocrx_word' id='word_1_307' title='bbox 467 2341 537 2367; x_wconf 59' lang='lat' dir='ltr'>&gt;mit</span> <span class='ocrx_word' id='word_1_308' title='bbox 571 2336 770 2369; x_wconf 77' lang='lat' dir='ltr'>mediatores</span> <span class='ocrx_word' id='word_1_309' title='bbox 801 2336 852 2369; x_wconf 75' lang='lat' dir='ltr'>«lei</span> <span class='ocrx_word' id='word_1_310' title='bbox 884 2341 913 2368; x_wconf 81' lang='lat' dir='ltr'>et</span> <span class='ocrx_word' id='word_1_311' title='bbox 947 2337 1113 2370; x_wconf 88' lang='lat' dir='ltr'>bominum</span> <span class='ocrx_word' id='word_1_312' title='bbox 1145 2339 1357 2372; x_wconf 85' lang='lat' dir='ltr'>intercedere</span> <span class='ocrx_word' id='word_1_313' title='bbox 1388 2350 1446 2384; x_wconf 89' lang='lat' dir='ltr'>pro</span> <span class='ocrx_word' id='word_1_314' title='bbox 1478 2339 1572 2373; x_wconf 81' lang='lat' dir='ltr'>nobis</span> <span class='ocrx_word' id='word_1_315' title='bbox 1593 2338 1827 2385; x_wconf 85' lang='lat' dir='ltr'>peecatoribus</span> <span class='ocrx_word' id='word_1_316' title='bbox 1847 2339 2016 2374; x_wconf 78' lang='lat' dir='ltr'>cll&#39;icacius</span> <span class='ocrx_word' id='word_1_317' title='bbox 2045 2338 2148 2373; x_wconf 87' lang='lat' dir='ltr'>indu-</span> 
     </span>
     <span class='ocr_line' id='line_1_32' title="bbox 282 2395 2151 2447; baseline 0.005 -23"><span class='ocrx_word' id='word_1_318' title='bbox 282 2399 407 2426; x_wconf 76' lang='lat' dir='ltr'>eantur.</span> <span class='ocrx_word' id='word_1_319' title='bbox 471 2395 557 2427; x_wconf 68' lang='lat' dir='ltr'>lma-r</span> <span class='ocrx_word' id='word_1_320' title='bbox 596 2408 678 2440; x_wconf 72' lang='lat' dir='ltr'>qnos</span> <span class='ocrx_word' id='word_1_321' title='bbox 719 2396 899 2429; x_wconf 70' lang='lat' dir='ltr'>beatissimi</span> <span class='ocrx_word' id='word_1_322' title='bbox 937 2402 966 2429; x_wconf 89' lang='lat' dir='ltr'>et</span> <span class='ocrx_word' id='word_1_323' title='bbox 1005 2398 1238 2434; x_wconf 61' lang='lat' dir='ltr'>gloriosissimi</span> <span class='ocrx_word' id='word_1_324' title='bbox 1278 2399 1494 2434; x_wconf 82' lang='lat' dir='ltr'>consessores</span> <span class='ocrx_word' id='word_1_325' title='bbox 1534 2399 1655 2434; x_wconf 78' lang='lat' dir='ltr'>t&#39;hrisu</span> <span class='ocrx_word' id='word_1_326' title='bbox 1693 2405 1723 2433; x_wconf 91' lang='lat' dir='ltr'>et</span> <span class='ocrx_word' id='word_1_327' title='bbox 1763 2403 1911 2447; x_wconf 80' lang='lat' dir='ltr'>episcopi</span> <span class='ocrx_word' id='word_1_328' title='bbox 1942 2397 2089 2447; x_wconf 70' lang='lat' dir='ltr'>Cyrillus</span> <span class='ocrx_word' id='word_1_329' title='bbox 2117 2403 2151 2434; x_wconf 75' lang='lat' dir='ltr'>et</span> 
     </span>
     <span class='ocr_line' id='line_1_33' title="bbox 284 2454 2150 2507; baseline 0.005 -20"><span class='ocrx_word' id='word_1_330' title='bbox 284 2454 469 2487; x_wconf 56' lang='lat' dir='ltr'>§tritonum</span> <span class='ocrx_word' id='word_1_331' title='bbox 508 2461 535 2485; x_wconf 80' lang='lat' dir='ltr'>.·i</span> <span class='ocrx_word' id='word_1_332' title='bbox 578 2461 687 2501; x_wconf 56' lang='lat' dir='ltr'>potres</span> <span class='ocrx_word' id='word_1_333' title='bbox 727 2462 756 2489; x_wconf 92' lang='lat' dir='ltr'>et</span> <span class='ocrx_word' id='word_1_334' title='bbox 795 2458 935 2502; x_wconf 66' lang='lat' dir='ltr'>apostoli</span> <span class='ocrx_word' id='word_1_335' title='bbox 973 2463 1001 2490; x_wconf 81' lang='lat' dir='ltr'>et</span> <span class='ocrx_word' id='word_1_336' title='bbox 1042 2463 1171 2504; x_wconf 79' lang='lat' dir='ltr'>patroni</span> <span class='ocrx_word' id='word_1_337' title='bbox 1209 2464 1312 2494; x_wconf 81' lang='lat' dir='ltr'>nostri</span> <span class='ocrx_word' id='word_1_338' title='bbox 1352 2464 1512 2507; x_wconf 85' lang='lat' dir='ltr'>precipui.</span> <span class='ocrx_word' id='word_1_339' title='bbox 1550 2464 1603 2506; x_wconf 89' lang='lat' dir='ltr'>qni</span> <span class='ocrx_word' id='word_1_340' title='bbox 1643 2461 1870 2495; x_wconf 78' lang='lat' dir='ltr'>felicissimum</span> <span class='ocrx_word' id='word_1_341' title='bbox 1901 2465 2015 2496; x_wconf 88' lang='lat' dir='ltr'>nostre</span> <span class='ocrx_word' id='word_1_342' title='bbox 2043 2463 2150 2496; x_wconf 81' lang='lat' dir='ltr'>tocius</span> 
     </span>
     <span class='ocr_line' id='line_1_34' title="bbox 281 2515 2150 2568; baseline 0.005 -21"><span class='ocrx_word' id='word_1_343' title='bbox 281 2515 426 2547; x_wconf 68' lang='lat' dir='ltr'>eci-tesi·-</span> <span class='ocrx_word' id='word_1_344' title='bbox 458 2520 486 2546; x_wconf 86' lang='lat' dir='ltr'>et</span> <span class='ocrx_word' id='word_1_345' title='bbox 518 2518 661 2549; x_wconf 60' lang='lat' dir='ltr'>‹tineo-&gt;is</span> <span class='ocrx_word' id='word_1_346' title='bbox 693 2517 869 2550; x_wconf 68' lang='lat' dir='ltr'>fertilitatis</span> <span class='ocrx_word' id='word_1_347' title='bbox 900 2530 1016 2554; x_wconf 53' lang='lat' dir='ltr'>aarum</span> <span class='ocrx_word' id='word_1_348' title='bbox 1049 2523 1076 2552; x_wconf 85' lang='lat' dir='ltr'>iii</span> <span class='ocrx_word' id='word_1_349' title='bbox 1110 2524 1205 2553; x_wconf 65' lang='lat' dir='ltr'>vinea</span> <span class='ocrx_word' id='word_1_350' title='bbox 1245 2521 1368 2555; x_wconf 86' lang='lat' dir='ltr'>domini</span> <span class='ocrx_word' id='word_1_351' title='bbox 1410 2521 1570 2557; x_wconf 76' lang='lat' dir='ltr'>Sabaoth.</span> <span class='ocrx_word' id='word_1_352' title='bbox 1602 2525 1700 2555; x_wconf 89' lang='lat' dir='ltr'>totius</span> <span class='ocrx_word' id='word_1_353' title='bbox 1739 2526 1853 2555; x_wconf 80' lang='lat' dir='ltr'>nostre</span> <span class='ocrx_word' id='word_1_354' title='bbox 1883 2524 1989 2568; x_wconf 79' lang='lat' dir='ltr'>patric</span> <span class='ocrx_word' id='word_1_355' title='bbox 2019 2521 2150 2556; x_wconf 76' lang='lat' dir='ltr'>radices</span> 
     </span>
     <span class='ocr_line' id='line_1_35' title="bbox 283 2575 2152 2628; baseline 0.006 -23"><span class='ocrx_word' id='word_1_356' title='bbox 283 2575 454 2607; x_wconf 83' lang='lat' dir='ltr'>ediderunt</span> <span class='ocrx_word' id='word_1_357' title='bbox 487 2581 514 2607; x_wconf 85' lang='lat' dir='ltr'>et</span> <span class='ocrx_word' id='word_1_358' title='bbox 549 2578 696 2621; x_wconf 72' lang='lat' dir='ltr'>palmites</span> <span class='ocrx_word' id='word_1_359' title='bbox 728 2578 954 2623; x_wconf 78' lang='lat' dir='ltr'>multiplieium</span> <span class='ocrx_word' id='word_1_360' title='bbox 979 2583 1136 2614; x_wconf 64' lang='lat' dir='ltr'>virtutum</span> <span class='ocrx_word' id='word_1_361' title='bbox 1168 2586 1197 2614; x_wconf 87' lang='lat' dir='ltr'>et</span> <span class='ocrx_word' id='word_1_362' title='bbox 1229 2581 1454 2616; x_wconf 75' lang='lat' dir='ltr'>doctrinarum</span> <span class='ocrx_word' id='word_1_363' title='bbox 1486 2583 1586 2628; x_wconf 70' lang='lat' dir='ltr'>longe</span> <span class='ocrx_word' id='word_1_364' title='bbox 1615 2583 1747 2627; x_wconf 77' lang='lat' dir='ltr'>lateque</span> <span class='ocrx_word' id='word_1_365' title='bbox 1769 2582 1995 2616; x_wconf 80' lang='lat' dir='ltr'>extenderunt</span> <span class='ocrx_word' id='word_1_366' title='bbox 2023 2581 2152 2617; x_wconf 78' lang='lat' dir='ltr'>fructus</span> 
     </span>
     <span class='ocr_line' id='line_1_36' title="bbox 283 2635 2151 2689; baseline 0.006 -22"><span class='ocrx_word' id='word_1_367' title='bbox 283 2635 403 2668; x_wconf 72' lang='lat' dir='ltr'>uberes</span> <span class='ocrx_word' id='word_1_368' title='bbox 434 2637 654 2680; x_wconf 48' lang='lat' dir='ltr'>proferentes.</span> <span class='ocrx_word' id='word_1_369' title='bbox 689 2637 739 2670; x_wconf 87' lang='lat' dir='ltr'>ubi</span> <span class='ocrx_word' id='word_1_370' title='bbox 772 2639 871 2671; x_wconf 71' lang='lat' dir='ltr'>llores</span> <span class='ocrx_word' id='word_1_371' title='bbox 903 2640 1077 2684; x_wconf 83' lang='lat' dir='ltr'>prodeunt.</span> <span class='ocrx_word' id='word_1_372' title='bbox 1110 2653 1170 2674; x_wconf 79' lang='lat' dir='ltr'>nee</span> <span class='ocrx_word' id='word_1_373' title='bbox 1201 2648 1370 2677; x_wconf 76' lang='lat' dir='ltr'>arescunt.</span> <span class='ocrx_word' id='word_1_374' title='bbox 1402 2643 1454 2677; x_wconf 89' lang='lat' dir='ltr'>nbi</span> <span class='ocrx_word' id='word_1_375' title='bbox 1485 2646 1611 2677; x_wconf 85' lang='lat' dir='ltr'>semina</span> <span class='ocrx_word' id='word_1_376' title='bbox 1634 2654 1749 2677; x_wconf 83' lang='lat' dir='ltr'>eorum</span> <span class='ocrx_word' id='word_1_377' title='bbox 1772 2655 1890 2689; x_wconf 78' lang='lat' dir='ltr'>sparsa</span> <span class='ocrx_word' id='word_1_378' title='bbox 1912 2654 1976 2677; x_wconf 86' lang='lat' dir='ltr'>non</span> <span class='ocrx_word' id='word_1_379' title='bbox 1998 2647 2151 2689; x_wconf 77' lang='lat' dir='ltr'>pereunt,</span> 
     </span>
     <span class='ocr_line' id='line_1_37' title="bbox 284 2695 2151 2743; baseline 0.006 -16"><span class='ocrx_word' id='word_1_380' title='bbox 284 2695 335 2728; x_wconf 85' lang='lat' dir='ltr'>ubi</span> <span class='ocrx_word' id='word_1_381' title='bbox 368 2696 587 2740; x_wconf 64' lang='lat' dir='ltr'>nminptn-:m-</span> <span class='ocrx_word' id='word_1_382' title='bbox 620 2699 791 2743; x_wconf 64' lang='lat' dir='ltr'>manipulis</span> <span class='ocrx_word' id='word_1_383' title='bbox 822 2710 926 2734; x_wconf 69' lang='lat' dir='ltr'>umma-</span> <span class='ocrx_word' id='word_1_384' title='bbox 957 2701 1063 2736; x_wconf 61' lang='lat' dir='ltr'>glorie</span> <span class='ocrx_word' id='word_1_385' title='bbox 1094 2702 1305 2738; x_wconf 61' lang='lat' dir='ltr'>communior.</span> <span class='ocrx_word' id='word_1_386' title='bbox 1339 2703 1499 2737; x_wconf 71' lang='lat' dir='ltr'>volentes</span> <span class='ocrx_word' id='word_1_387' title='bbox 1521 2709 1642 2737; x_wconf 83' lang='lat' dir='ltr'>mitem.</span> <span class='ocrx_word' id='word_1_388' title='bbox 1665 2708 1782 2737; x_wconf 90' lang='lat' dir='ltr'>utnon</span> <span class='ocrx_word' id='word_1_389' title='bbox 1804 2703 1910 2737; x_wconf 83' lang='lat' dir='ltr'>sotum</span> <span class='ocrx_word' id='word_1_390' title='bbox 1942 2703 1972 2737; x_wconf 88' lang='lat' dir='ltr'>lii</span> <span class='ocrx_word' id='word_1_391' title='bbox 2001 2706 2151 2738; x_wconf 79' lang='lat' dir='ltr'>sanctis-</span> 
     </span>
    </p>
   </div>
   <div class='ocr_carea' id='block_1_12' title="bbox 2250 0 2347 3153">
    <p class='ocr_par' dir='ltr' id='par_1_12' title="bbox 2250 0 2347 3153">
     <span class='ocr_line' id='line_1_38' title="bbox 2250 0 2347 3153; baseline 0 0"><span class='ocrx_word' id='word_1_392' title='bbox 2250 0 2347 3153; x_wconf 95' lang='lat' dir='ltr'> </span> 
     </span>
    </p>
   </div>
  </div>
 </body>
</html>
