2347 3153
978 226 1047 260 173

75 329 233 366 studiosa
263 329 441 374 diligencia
472 330 666 364 servent-ius
696 330 903 370 intendamus
932 335 962 364 et
993 331 1122 365 illorum
1155 334 1296 365 animos.
1327 333 1381 376 qui
1410 331 1449 364 ad
1471 330 1534 365 huc
1564 331 1638 365 zelo
1667 332 1864 366 devocionis
1885 343 1944 378 pro

79 390 288 437 acquirendo
316 394 433 424 eterne
463 389 674 425 beatitudinis
708 394 836 437 premio
872 403 908 425 se
946 396 1120 438 promptos
1157 395 1188 424 et
1227 391 1433 426 voluntarios
1469 391 1640 426 exhibent.
1680 404 1746 426 uon
1776 393 1881 426 solum
1914 397 1943 427 in

80 453 228 499 ipsorum
255 450 382 486 salubri
411 451 650 486 confirmemus
679 455 864 498 proposito.
894 453 952 486 sed
982 455 1088 487 eciam
1115 452 1271 498 pervigili
1301 463 1380 486 cura
1410 463 1632 498 cooperemur
1661 458 1691 487 et
1721 453 1943 488 devocioneui

75 521 192 546 eorum
231 515 424 558 prompt-ius
453 524 649 557 augeamus.
681 512 771 547 Sane
800 513 839 547 ad
870 516 973 547 nostri
1013 516 1166 548 noticiam
1197 524 1262 547 non
1294 512 1428 547 fallente
1457 518 1510 547 aut
1541 514 1622 548 alias
1652 513 1791 548 dubioso
1830 515 1942 548 ‹locu-

78 576 192 608 mento
220 571 281 607 sed
310 572 401 607 clara
431 576 574 607 veritate
614 576 777 611 noveritis
820 573 996 608 deductum
1033 585 1121 610 esse.
1160 574 1300 620 qualiter
1338 574 1498 621 providus
1528 578 1580 608 vir
1603 574 1751 621 Manyko
1781 576 1944 622 opidanus

78 632 168 681 opidi
197 632 400 668 Meziniecz
430 639 544 668 nostre
574 633 720 668 diocesis
757 635 921 680 quondam
953 639 983 669 in
1023 635 1179 669 lecticulo
1217 635 1416 680 egritudinis
1449 635 1664 673 decumbens,
1695 640 1804 670 mente
1834 641 1943 670 tamen

76 699 109 729 et
146 698 284 730 racione
320 705 435 737 sanus,
480 699 714 729 testamentum
751 699 824 730 sive
869 696 1014 730 ultimam
1053 707 1145 730 suam
1186 696 1390 730 voluntatem
1430 699 1515 730 inter
1547 699 1646 730 vivos
1686 697 1942 731 irrevocabilem

85 755 214 791 faciens
241 759 452 791 constituerit
491 756 608 790 lecerit
644 756 861 793 ordinaverit.
900 757 1032 802 quando
1069 756 1145 791 binc.
1180 757 1347 791 decedere
1381 760 1590 801 contingeret
1631 762 1661 791 et
1701 758 1742 791 de
1772 757 1835 791 hac
1872 758 1945 792 luce

82 820 243 863 migrare,
281 821 447 863 quatenus
475 828 536 863 pro
576 818 725 851 remedio
763 821 872 852 anime
908 830 967 852 sue
1005 830 1043 852 ae
1081 821 1264 852 amicorum
1303 829 1437 852 suorum
1477 821 1507 852 in
1546 818 1675 852 laudem
1712 823 1742 852 et
1782 819 1944 853 honorem

85 880 324 925 omnipotentis
360 878 413 912 dei
453 875 484 912 et
524 881 645 912 intacte
684 882 825 922 virginis
863 879 968 914 Illarie
1005 882 1177 924 genitricis
1215 880 1267 913 dei
1305 883 1337 913 et
1375 882 1518 913 omnium
1549 885 1740 914 sanctorum
1770 883 1854 915 eius.
1886 892 1945 926 pro

90 938 311 985 quadraginta
341 941 525 989 sexagenis
553 938 594 972 de
624 938 720 973 bonis
749 943 817 973 suis
845 939 906 974 sibi
935 952 952 973 a
983 940 1046 974 deo
1075 940 1215 974 collatis.
1245 951 1305 986 per
1333 951 1407 974 eum
1437 940 1674 986 relinquendis.
1713 944 1795 974 certi
1825 952 1947 975 census

88 1010 150 1046 pro
178 1003 342 1047 perpetuo
370 999 544 1046 capellano
573 1004 605 1033 et
634 1000 817 1046 capellania
847 1011 934 1035 nova
965 1004 995 1035 in
1025 1001 1167 1035 ecclesia
1198 1000 1379 1047 parochiali
1417 1000 1537 1035 ibidem
1574 1001 1772 1035 instituenda
1803 1013 1947 1048 compa-

85 1064 179 1095 retur
206 1065 240 1094 et
267 1059 388 1094 debeat
422 1063 499 1095 emi.
540 1059 727 1095 huiusmodi
764 1072 824 1095 sue
861 1062 972 1095 ultime
1008 1062 1185 1096 voluntatis
1220 1067 1438 1096 executorem
1478 1063 1613 1097 l'ratrem
1651 1074 1746 1097 suum
1784 1066 1946 1097 uterinum

91 1120 323 1165 Wdsswnem,
352 1122 507 1156 similiter
534 1122 711 1168 opidanum
743 1125 772 1155 iu
803 1122 1013 1158 lllezirziecz.
1043 1123 1218 1157 statuendo
1239 1128 1269 1157 et
1291 1123 1502 1157 nominando.
1534 1123 1658 1157 Verum
1680 1125 1798 1158 eodeni
1820 1123 1949 1170 Many-

90 1182 179 1218 kone
221 1182 308 1218 dicta
355 1194 414 1217 sua
457 1183 630 1235 voluntate
660 1195 724 1219 uon
769 1188 890 1217 mutata
933 1184 1117 1218 decedente
1155 1184 1240 1218 idem
1279 1183 1416 1218 wetiko
1460 1185 1500 1218 ad
1546 1188 1789 1219 execiicioneni
1839 1185 1951 1219 ultime

88 1243 271 1278 voluntatis
300 1244 413 1278 fratris
441 1247 491 1278 sui
522 1235 905 1290 preta'ct'i'Manylionis.
935 1251 966 1278 ut
997 1244 1215 1290 congruebat,
1245 1245 1431 1292 procedere
1459 1246 1579 1280 volens
1609 1251 1720 1280 certos
1749 1257 1870 1281 census
1890 1258 1950 1293 pro

92 1304 220 1340 eisdem
249 1303 309 1340 XL
337 1308 521 1351 sexagenis
557 1317 616 1351 per
653 1311 872 1340 memoratum
908 1305 1146 1352 Mauylionem,
1186 1311 1217 1340 ut
1257 1310 1454 1353 premissum
1485 1312 1547 1341 est.
1577 1307 1741 1353 deputatis
1770 1307 1888 1352 legatis
1918 1312 1947 1340 et

84 1368 143 1413 pie
180 1365 252 1400 dari
287 1365 465 1413 deputatis.
502 1378 618 1400 emere
658 1366 818 1412 disposuit
857 1372 887 1399 et
927 1378 1124 1413 comparare
1162 1370 1380 1414 attemptavit.
1420 1367 1459 1401 Et
1497 1371 1572 1413 quia
1603 1367 1783 1414 prelibatus
1812 1367 1949 1402 weliko

83 1427 293 1463 industriosa
323 1430 476 1474 pensavit
507 1431 630 1470 menie,
659 1427 801 1473 qualiter
829 1439 950 1462 census
981 1439 1040 1474 pro
1069 1429 1163 1462 dictis
1183 1427 1241 1462 XL
1261 1431 1444 1474 sexagenis
1474 1428 1689 1475 comparandi
1720 1440 1779 1475 pro
1809 1433 1949 1463 susten-

89 1490 222 1522 tacione
250 1487 415 1535 capellani
445 1487 604 1537 sulficere
634 1491 766 1535 penitus
796 1500 859 1522 non
891 1494 1038 1534 possent,
1069 1501 1110 1523 ne
1139 1494 1248 1523 tamen
1277 1492 1422 1524 intencio
1450 1489 1594 1524 celebris
1623 1493 1725 1536 ipsius
1745 1489 1947 1535 Manykouis

84 1547 239 1584 frustrari
269 1548 392 1591 valeat,
429 1548 516 1583 idem
548 1548 685 1583 Weliko
715 1550 838 1584 ardore
867 1550 1063 1583 devocionis
1092 1550 1210 1584 celitus
1238 1562 1421 1585 succensus
1450 1562 1509 1596 pro
1530 1551 1679 1584 remedio
1708 1562 1768 1585 suo
1798 1551 1945 1585 contho-

82 1609 162 1644 ralis
189 1620 251 1644 sue
278 1608 461 1644 liberorum
491 1621 531 1643 ac
561 1614 815 1656 progenitorum
853 1622 988 1644 suorum
1028 1614 1207 1655 nonaginta
1237 1611 1319 1645 duas
1349 1623 1478 1645 marcas
1507 1623 1580 1645 cum
1611 1612 1718 1645 media
1747 1623 1945 1656 grossorum

85 1669 128 1705 de
155 1669 252 1706 bonis
279 1674 349 1705 suis
378 1674 458 1717 ipsis
487 1671 583 1705 dictis
612 1671 670 1705 XL
699 1676 882 1716 sexagenis
920 1672 1098 1705 cumulavit
1137 1676 1169 1705 et
1207 1672 1357 1717 adjunxit
1395 1677 1427 1706 et
1464 1684 1524 1719 pro
1562 1676 1631 1719 ipsa
1662 1677 1727 1706 tota
1757 1684 1884 1706 summa
1917 1672 1945 1706 Χ

88 1741 284 1776 sexagenas
311 1742 508 1777 grossorum
539 1735 754 1778 pragensium
784 1744 906 1766 census
928 1736 958 1766 in
981 1733 1056 1766 villa
1079 1731 1177 1778 Rotiy
1198 1744 1215 1766 a
1236 1733 1335 1768 nobili
1356 1734 1490 1768 domino
1511 1733 1656 1768 llenrico
1677 1734 1718 1767 de
1739 1733 1948 1767 Mis-zerziecz

85 1795 297 1839 comparavit
338 1795 369 1827 in
412 1792 522 1827 dotem
567 1793 753 1840 capellanie
796 1799 970 1839 prenotate
1007 1806 1044 1827 uc
1084 1805 1144 1840 pro
1182 1794 1362 1840 capellanis
1400 1798 1501 1840 ipsius
1536 1794 1740 1840 temporibus·
1778 1798 1947 1841 perpetuis

90 1851 263 1888 habendas
290 1858 322 1888 et
351 1853 513 1888 tenendas
551 1854 612 1888 sub
649 1855 849 1889 condicione
878 1854 1058 1888 submissa:
1095 1855 1181 1899 quod
1220 1856 1411 1901 capellanus
1449 1856 1667 1890 instituendus
1697 1860 1727 1888 et
1757 1856 1945 1889 instituendi

88 1913 129 1949 ad
158 1914 376 1961 capellaniam
406 1915 606 1949 antedictam
636 1916 776 1961 singulis
804 1919 995 1962 septimanis
1025 1919 1119 1949 annis
1149 1919 1318 1962 perpetuis
1346 1916 1546 1950 tenebuntur
1565 1921 1595 1949 et
1618 1916 1782 1949 debebunt
1806 1919 1835 1949 iu
1858 1916 1942 1949 dicta

89 1966 273 2023 pnrbcbiali
301 1975 446 2010 ecclesia
477 1979 507 2010 in
536 1975 735 2011 Mezirziecz
765 1980 794 2011 in
825 1976 981 2010 altaribus
1012 1980 1040 2009 in
1071 1977 1187 2010 eadem
1218 1980 1403 2011 constitutis
1432 1983 1462 2011 ct
1501 1981 1622 2011 erectis
1651 1981 1795 2022 quinque
1826 1980 1943 2011 missas

79 2038 113 2071 ln
141 2035 325 2071 remedium
353 2047 537 2071 animarum
564 2038 746 2071 eorundem
769 2037 969 2083 lllaiiykoius
999 2043 1029 2070 et
1052 2036 1243 2071 Welikonis
1272 2050 1310 2071 ac
1332 2038 1491 2072 heredum
1521 2042 1551 2071 et
1581 2041 1763 2071 amicorum
1795 2041 1940 2083 ipsorum

85 2099 323 2132 universorum
351 2100 425 2132 sine
452 2097 658 2132 obmissione
688 2099 864 2145 perlegere
895 2099 1028 2132 devote.
1061 2098 1200 2131 lli-inum
1239 2110 1299 2144 pro
1337 2104 1429 2144 parte
1459 2102 1597 2145 pretaeti
1630 2098 1818 2132 Welikonis
1849 2098 1944 2133 uobis

86 2160 195 2193 exunt
236 2157 404 2193 humiliter
446 2159 664 2205 supplicatum
707 2165 739 2193 et
781 2165 914 2194 atti-ute.
958 2165 1121 2204 quatenus
1159 2159 1262 2193 dictus
1301 2159 1328 2193 Χ
1369 2171 1560 2201 sexagenas
1595 2171 1716 2194 census
1756 2160 1942 2194 huiusmodi

83 2218 268 2265 capellanie
295 2223 478 2253 annectere
508 2223 716 2254 inviscerare
747 2225 962 2267 incorporare
992 2232 1030 2252 ae
1060 2219 1278 2264 capellaniam
1299 2221 1437 2253 eandem
1460 2223 1490 2254 iu
1513 2220 1707 2254 beueliciuui
1730 2221 1942 2254 eeclesiasti-

89 2288 166 2315 σου)
194 2282 330 2326 erigere
359 2285 391 2315 et
421 2283 594 2316 instituere
624 2282 850 2325 dignaremur.
882 2281 950 2315 Nn>
979 2292 1062 2318 ergo
1092 2280 1313 2326 peticionibus
1341 2284 1409 2315 suis
1439 2282 1583 2315 inclinati
1615 2285 1725 2327 utpote
1747 2280 1942 2314 racionabi-

81 2337 179 2383 libus,
220 2344 255 2376 et
299 2342 398 2385 justis
437 2345 468 2376 in
505 2342 569 2376 deo
605 2347 790 2376 annuentes
835 2342 1062 2386 habentesque
1098 2346 1202 2375 rutam
1241 2347 1272 2375 ct
1310 2346 1439 2381 gratam
1480 2345 1722 2376 institucionem
1757 2342 1942 2387 capellanie

83 2405 300 2448 ”prenotate
328 2406 360 2436 et
389 2404 534 2436 omnium
565 2407 804 2449 premissorum
834 2414 970 2436 censum
1004 2402 1029 2436 Χ
1060 2413 1308 2445 sexagenarum
1338 2402 1411 2441 sibi,
1450 2408 1481 2435 ut
1511 2402 1738 2448 prescribitur,
1770 2406 1800 2437 in
1830 2403 1940 2436 dotem

87 2464 295 2507 “signalum
324 2463 433 2497 eidem
463 2464 646 2509 capellanie
675 2476 714 2497 ac
744 2464 883 2505 siugulis
913 2463 1092 2509 capellanis
1121 2463 1161 2496 ad
1200 2475 1272 2496 eam
1313 2466 1467 2497 institutis
1498 2464 1549 2496 iel
1589 2463 1796 2498 instituendis
1825 2466 1942 2497 incor-

52 2531 60 2540 ’
87 2525 283 2570 potavimus
310 2523 572 2569 approbavimus
610 2528 889 2558 auctorisannuu
925 2529 956 2556 et
986 2523 1256 2557 confirmavimus
1294 2529 1325 2556 et
1359 2523 1568 2569 presentibus
1599 2527 1628 2557 in
1658 2523 1779 2557 l'liristi
1810 2527 1942 2558 nomine

51 2620 60 2626 ,
83 2583 339 2630 incorporamus
368 2589 433 2618 etc.
463 2585 682 2630 capellaniam
713 2588 816 2631 ipsam
849 2597 877 2619 iu
908 2585 1172 2617 ecclesiasticum
1195 2583 1381 2618 benificium
1403 2585 1576 2626 erigendo.
1608 2584 1731 2618 llaruiu
1755 2590 1941 2619 nostrorum

86 2646 153 2679 tle.
182 2643 301 2679 Datum
332 2644 440 2683 l'rage
469 2657 556 2680 auno
586 2646 708 2680 domiui
738 2644 969 2680 M⁰sCCs⁰ll⁰
996 2646 1047 2677 di«-
1080 2644 1150 2678 Vll.
1183 2644 1308 2679 Mori-ii.

390 2715 581 2742 (Kr-*imierer
607 2716 841 2749 lmine-nnqoun-ru
869 2716 905 2744 ll,
932 2726 956 2749 μ,
988 2717 1067 2745 isso)
