2347 3153
1241 218 1315 252 ios

345 332 456 373 partes
500 326 540 360 ad
583 326 714 372 proxidi
751 328 813 358 viri
852 327 1001 361 magistri
1030 322 1192 357 Joliannis
1232 324 1272 357 de
1302 323 1476 357 Scrivanis
1516 326 1546 355 in
1587 332 1724 355 romana
1765 324 1856 355 curia
1895 325 1925 354 et
1966 319 2210 354 honorabilium

344 391 493 421 virorum
525 388 732 420 dominorum
763 386 899 419 Henrici
939 387 1100 431 prepositi
1141 390 1173 418 et
1203 388 1389 418 conventus
1419 386 1611 417 monasterii
1649 385 1888 416 canonicorum
1930 381 2135 427 regularium
2175 382 2216 416 de

342 448 538 482 Lanskrona
570 448 695 481 ordinis
725 450 829 480 saneti
861 447 1040 490 Augustini
1080 445 1310 491 principalium
1341 448 1373 479 in
1411 445 1496 478 dicta
1535 446 1774 478 commissione
1811 446 1874 489 ipsi
1916 435 2051 477 domino
2081 442 2215 476 Brande

347 510 487 543 auditori
529 509 613 542 facta
657 508 885 553 principaliter
923 509 1169 540 nominatorum
1214 509 1442 552 procuratoris
1485 507 1694 547 instanciam,
1740 504 1780 538 de
1819 505 1914 548 cujus
1958 507 2215 550 procuracionis

347 570 500 604 mandato
531 570 638 603 eidem
669 569 802 602 domino
833 567 965 601 Brande
995 567 1136 600 auditori
1167 579 1226 613 per
1255 567 1402 612 legitima
1433 566 1606 600 constabat
1636 570 1666 599 et
1696 569 1827 599 constat
1857 565 2068 608 documenta,
2099 569 2215 599 contra

347 636 376 664 et
416 631 579 664 adversus
609 629 778 663 Mikonem
809 628 946 674 Philippi
982 628 1022 661 de
1053 627 1260 673 (zyliowicz
1290 640 1333 662 cx
1363 628 1509 661 adverso
1539 627 1757 673 principalem
1799 629 1905 660 eciam
1937 630 1968 660 iu
1998 626 2083 660 dicta
2115 637 2215 660 com-

348 695 506 725 missione
545 702 587 723 ex
623 690 770 723 adverso
808 689 1038 735 principaliter
1076 691 1280 722 nominatum
1319 692 1348 722 in
1388 690 1493 722 forma
1534 689 1628 723 solita
1668 693 1700 723 et
1739 693 1900 722 consucta
1941 688 2076 722 decreta
2117 692 2216 733 atque

347 764 520 786 concessa.
562 750 816 796 Subsequenter
845 761 929 783 vero
959 750 1046 783 dicto
1076 750 1210 783 domino
1239 750 1371 784 Branda
1402 751 1552 784 auditore
1582 761 1642 795 per
1671 750 1792 784 dictum
1824 750 1930 783 felicis
1960 749 2214 783 recordacionis

346 813 511 846 dominum
543 812 750 845 Bonifacium
790 822 909 857 papam
939 822 1061 844 nonum
1099 811 1137 844 ad
1177 811 1353 844 ecclesiam
1386 811 1674 845 l'laccntinensem
1705 816 1859 857 promoto
1888 822 1927 845 ac
1957 810 2077 845 eodem
2107 810 2214 844 felicis

346 873 596 907 recordacionis
635 873 769 906 domino
800 872 985 905 Bonil'acio.
1023 877 1055 905 nt
1091 873 1252 905 altissimo
1293 873 1424 918 placuit.
1462 872 1591 906 sublato
1631 873 1670 906 de
1707 873 1816 906 medio
1859 875 2140 918 sanctissimoque
2182 874 2212 905 in

348 934 480 967 Christo
523 938 617 979 patre
660 939 692 967 et
734 934 867 968 domino
910 939 1025 967 nostro
1065 933 1197 967 domino
1227 933 1429 967 innocencio
1468 934 1578 967 diviua
1619 934 1839 979 providencia
1879 944 1964 979 papa
2003 936 2145 979 septimo
2175 934 2215 967 ad

347 999 474 1040 apicem
505 998 623 1028 summi
654 995 859 1040 apostolatus
889 999 1072 1040 assumpto,
1102 1005 1270 1040 causaque
1309 1000 1338 1028 et
1370 998 1479 1029 causis
1515 995 1705 1039 hujusmodi
1747 998 1779 1028 in
1809 994 1930 1029 eodem
1960 999 2058 1029 statu.
2089 997 2120 1028 in
2150 1005 2216 1040 quo

348 1057 460 1089 ultimo
496 1061 727 1089 remanserant
765 1061 917 1102 tempore
955 1055 1064 1089 obitus
1101 1055 1178 1089 dicti
1216 1056 1338 1090 domini
1369 1056 1545 1090 Bonifacii.
1586 1068 1645 1102 per
1675 1057 1817 1090 cundem
1849 1056 2017 1090 dominum
2048 1055 2214 1090 Brandam

349 1128 390 1149 ex
422 1117 497 1149 dicti
528 1116 651 1150 domini
681 1120 784 1150 nostri
815 1118 937 1150 domini
970 1117 1159 1151 innocencii
1190 1129 1274 1162 pape
1305 1121 1435 1163 septimi
1476 1121 1716 1151 commissione
1746 1121 1938 1163 resumptis,
1968 1117 2101 1151 tandem
2131 1128 2217 1151 vero

350 1177 433 1210 dicta
478 1180 641 1210 citacione
684 1190 747 1211 una
791 1190 864 1212 cum
908 1180 981 1222 ejus
1017 1181 1225 1211 cxccucione
1263 1183 1292 1211 in
1331 1178 1478 1223 partibus
1518 1178 1603 1212 l'acta
1645 1190 1758 1212 coram
1801 1179 1889 1212 dicto
1920 1179 2054 1213 domino
2084 1178 2218 1213 Branda

350 1241 508 1283 episcopo
543 1243 573 1271 et
603 1239 754 1272 auditore
791 1239 994 1283 judicialiter
1030 1239 1229 1285 reproducta
1269 1244 1298 1271 et
1336 1251 1396 1284 per
1425 1243 1530 1285 ipsum
1562 1239 1730 1273 dominum
1762 1239 1930 1273 Braudam
1961 1243 2155 1285 episcopum
2185 1244 2218 1273 et

349 1299 533 1332 auditorem
565 1302 596 1332 in
626 1311 725 1333 causa
756 1305 785 1333 et
816 1304 926 1334 causis
953 1300 1140 1344 hujusmodi
1162 1300 1202 1333 ad
1223 1301 1398 1333 nonnullos
1419 1306 1512 1334 actus
1535 1301 1705 1344 iudiciales
1727 1304 1808 1334 citra
1831 1305 1941 1334 tamen
1963 1301 2215 1335 conclusionem

350 1371 510 1405 processo
532 1360 680 1405 prefatus
702 1361 854 1394 dominus
877 1362 1007 1395 l3randa
1029 1365 1208 1407 episcopus
1230 1362 1360 1395 auditor
1381 1367 1472 1395 certa
1494 1362 1684 1396 infirmitate
1706 1367 1777 1395 erat
1798 1363 1939 1397 deletus.
1962 1367 2099 1408 propter
2124 1363 2220 1407 eujus

350 1420 572 1454 iniit-mitatem
616 1425 847 1456 sanctissimus
887 1426 917 1456 in
948 1423 1080 1456 Christo
1111 1428 1263 1469 pateret
1305 1424 1456 1457 dominus
1495 1428 1609 1457 noster
1648 1424 1800 1457 dominus
1841 1423 2063 1457 lunoccneius
2102 1423 2215 1457 divina

350 1483 568 1528 providencia
609 1494 690 1529 papa
727 1487 888 1530 septimus
923 1485 1108 1518 antedictus
1145 1485 1319 1529 quaindam
1356 1485 1526 1521 cenet-alis
1565 1488 1810 1518 commissionis
1849 1488 1923 1518 sive
1960 1485 2221 1531 supplicacionis

351 1543 501 1576 cedulam
533 1543 626 1577 nobis
656 1544 800 1579 Jolianni
831 1545 871 1578 de
902 1546 1063 1579 (iatzcow
1103 1546 1242 1578 auditori
1283 1546 1412 1591 prefato
1451 1558 1511 1591 per
1540 1550 1666 1579 certum
1697 1557 1790 1579 suum
1823 1557 1996 1579 cursorem
2029 1548 2216 1592 presentari

350 1604 438 1637 fecit.
469 1616 566 1649 quam
597 1616 657 1639 nos
693 1618 766 1639 cum
799 1618 836 1639 ea
876 1618 938 1651 qua
980 1607 1086 1640 decuit
1118 1610 1315 1640 reverencia
1356 1610 1519 1640 noveritis
1555 1610 1727 1653 recepisse
1767 1607 1957 1651 hujusmodi
1990 1607 2050 1641 sub
2081 1612 2218 1641 tenore:

351 1665 519 1709 Dignctur
549 1678 575 1699 s.
608 1678 640 1699 v.
673 1679 788 1701 omnes
827 1672 858 1700 ct
897 1668 1045 1709 singulas
1076 1678 1194 1700 causas
1225 1668 1437 1701 beneficiales
1467 1669 1584 1702 civiles
1614 1668 1806 1713 prophanas
1838 1673 1866 1701 ei
1900 1669 2107 1712 criminales,
2137 1680 2220 1714 quas

347 1727 557 1760 reverendus
587 1732 680 1772 pater
709 1729 862 1762 dominus
885 1729 1014 1762 Branda
1038 1732 1215 1774 episcopus
1237 1728 1499 1763 Placentinensis
1521 1730 1561 1763 (lc
1583 1730 1737 1763 mandato
1760 1740 1785 1762 s.
1809 1741 1841 1763 v.
1865 1729 2033 1773 audiebat,
2054 1740 2219 1775 quarum-

349 1798 491 1832 cumque
521 1791 792 1823 commissiomini
823 1793 944 1830 vigore
974 1795 1110 1835 propter
1140 1793 1240 1835 ipsius
1271 1790 1492 1823 iulii-mitatem
1523 1790 1618 1824 alieni
1649 1791 1745 1823 alteri
1769 1802 1809 1823 ex
1836 1791 1980 1825 dominis
2002 1791 2079 1825 dicti
2100 1791 2219 1837 palacii

347 1859 523 1881 causarum
554 1849 759 1883 auditoribus
780 1854 990 1884 committere
1011 1862 1116 1896 usque
1137 1851 1176 1884 ad
1200 1854 1301 1897 ipsius
1324 1852 1445 1885 domini
1468 1851 1600 1885 Brande
1623 1852 1980 1885 reconvalescenciam
2003 1856 2036 1885 et
2055 1852 2217 1886 dictarum

349 1920 523 1942 causarum
563 1921 623 1955 pei·
662 1922 735 1944 eum
776 1915 1045 1958 resumpcionem
1082 1914 1284 1956 conjunctim
1321 1918 1348 1945 et
1382 1913 1512 1947 ‹lix-isim
1545 1913 1798 1946 resummendas
1830 1917 1859 1946 iu
1892 1924 1933 1947 co
1963 1918 2062 1953 statu,
2094 1917 2123 1948 in
2154 1924 2220 1959 quo

351 1970 464 2002 ultimo
494 1981 606 2003 coram
639 1974 709 2017 ipso
740 1978 969 2006 remanserant
1002 1978 1031 2005 et
1063 1973 1199 2006 ulterius
1228 1974 1411 2007 audiendas
1433 1974 1691 2019 cognoscendas
1714 1979 1742 2007 et
1767 1974 1833 2007 linc
1856 1974 1970 2008 debito
1991 1975 2222 2009 terminandas

351 2042 422 2063 cum
455 2030 607 2064 omnibus
637 2036 667 2065 ct
688 2033 827 2077 siugulis
848 2037 916 2067 suis
938 2038 1173 2073 emergcnciis.
1198 2035 1403 2069 incidenciis.
1435 2036 1672 2081 depenileneiis
1705 2040 1732 2067 et
1767 2038 1934 2069 connexis
1957 2046 2031 2069 cum
2054 2040 2220 2082 potestate

348 2092 482 2127 citandi.
505 2092 617 2125 literas
648 2093 801 2128 decretas
830 2095 1007 2131 similandi.
1038 2099 1228 2129 sentencias
1259 2107 1474 2141 quascunque
1505 2101 1536 2129 et
1566 2099 1784 2129 instrumenta
1817 2096 1953 2130 extrahi
1984 2101 2016 2130 et
2045 2099 2076 2130 in
2107 2096 2221 2143 publi-

349 2164 419 2185 cam
453 2153 591 2186 sormam
623 2154 728 2197 redigi
761 2156 949 2189 mandandi.
981 2168 1149 2201 expensas
1179 2158 1312 2190 taxandi
1344 2163 1372 2189 et
1402 2158 1463 2190 alia
1496 2157 1651 2192 faciendi.
1682 2168 1745 2201 que
1777 2158 1889 2192 dictus
1912 2158 2068 2192 dominus
2089 2157 2221 2192 Branda

349 2216 527 2258 episeopus
557 2218 587 2247 et
617 2215 747 2248 auditor
781 2216 906 2249 faceret
938 2221 967 2249 et
1009 2217 1122 2250 l'acere
1152 2222 1275 2263 posset.
1316 2221 1341 2251 si
1374 2220 1542 2264 predictas
1572 2230 1690 2252 causas
1721 2220 1878 2261 audierit,
1910 2224 1942 2253 et
1972 2219 2058 2264 quod
2089 2221 2222 2259 notarii.

347 2277 400 2318 qui
430 2286 542 2308 eoram
574 2275 692 2309 eodem
723 2277 856 2311 domino
889 2277 1017 2310 Branda
1048 2278 1249 2312 scribebant.
1291 2283 1320 2312 in
1353 2279 1448 2313 dictis
1478 2283 1587 2313 causis
1617 2280 1755 2313 ulterius
1785 2280 1936 2314 scribant
1966 2285 1999 2313 et
2027 2283 2222 2314 continuent

349 2337 379 2367 in
411 2335 549 2370 eisdem.
581 2338 877 2372 constitui-ionilnis
907 2340 1098 2384 apostolicis
1128 2344 1159 2372 et
1189 2340 1260 2373 aliis
1301 2343 1330 2373 in
1361 2344 1564 2374 contrarium
1605 2341 1702 2374 editis
1742 2353 1807 2375 non
1838 2340 2048 2375 obstantibus
2077 2340 2218 2386 quibus-

350 2407 490 2440 cunque.
525 2396 556 2429 ln
588 2397 651 2431 line
682 2409 765 2431 vero
795 2399 881 2432 dicte
911 2401 1081 2437 generalis
1110 2404 1359 2435 commissionis
1390 2405 1463 2435 sive
1493 2402 1751 2447 supplicaciimis
1783 2402 1902 2436 eedulc
1934 2405 2057 2448 scriptu
2089 2407 2162 2436 erat
2182 2401 2223 2436 de

349 2456 485 2489 alterius
517 2469 632 2491 manus
669 2459 772 2495 litera.
813 2464 978 2506 superiori
1019 2462 1113 2495 litere
1143 2465 1245 2507 ipsius
1285 2463 1402 2496 cedule
1442 2466 1570 2508 penitus
1600 2468 1629 2495 et
1661 2467 1796 2497 omnino
1829 2463 1979 2497 dissimili
2011 2468 2042 2497 et
2071 2463 2220 2506 diversa,

351 2517 413 2550 liec
444 2518 546 2550 verba
578 2520 752 2554 videlieet:
786 2521 834 2554 lic
864 2523 1018 2555 mandato
1049 2523 1171 2556 domini
1203 2526 1305 2557 nostri
1338 2535 1421 2569 pape
1451 2524 1558 2558 audiat
1591 2529 1751 2564 magister
1780 2525 1954 2558 Jolianncs
1984 2525 2025 2558 do
2053 2524 2225 2558 Gaczcow

350 2584 534 2612 reassumat
575 2585 602 2611 et
640 2583 809 2623 justiciam
851 2582 959 2615 faciat.
1018 2583 1256 2628 (tnjnsquaiem
1301 2585 1438 2618 ulterius
1473 2589 1721 2619 commissionis
1761 2589 1882 2627 vigore
1919 2596 2021 2619 causa
2052 2589 2085 2619 et
2112 2587 2223 2619 causis

351 2640 539 2683 hujusmodi
584 2653 642 2686 pei·
681 2654 741 2676 nos
781 2643 890 2676 debite
928 2648 1106 2689 resumptis
1143 2645 1391 2690 subsequenter
1428 2657 1510 2680 vcro
1550 2648 1698 2692 prefatus
1738 2648 1891 2681 dominus
1923 2651 2039 2680 noster
2069 2646 2223 2680 dominus

350 2701 569 2735 lnnocencius
600 2714 681 2747 papa
713 2707 872 2749 septimus
912 2705 1086 2749 quamdam
1123 2706 1220 2738 aliam
1254 2708 1502 2741 commissionis
1540 2710 1613 2741 sive
1653 2708 1912 2754 supplicacionis
1944 2707 2095 2741 cedulam
2127 2705 2223 2741 nobis
