2347 3153
1271 198 1343 232 ⁴22

369 312 532 346 processo
563 313 601 335 ac
632 305 930 335 consecracionem
963 313 1100 335 munere
1140 302 1200 335 sibi
1232 302 1342 337 debite
1373 306 1537 348 impenso.
1570 302 1720 348 prefatus
1750 302 1905 336 dominus
1934 302 2128 337 Bonifacius
2157 315 2242 350 papa

371 374 489 396 nonus.
520 366 603 396 sieut
633 363 794 396 altissimo
828 364 960 409 placuit.
1001 362 1146 397 debitum
1178 368 1295 397 nature
1325 364 1500 410 persolvit.
1530 375 1568 397 ac
1599 366 1830 397 sanctissimus
1861 367 1891 397 in
1923 363 2055 397 Christo
2085 369 2180 410 pater
2209 369 2242 399 et

370 424 523 457 dominus
553 429 670 457 noster
700 424 853 465 dominus
892 424 1126 458 lnnoceneius.
1168 425 1279 458 divina
1314 425 1532 471 providencia
1572 435 1655 470 papa
1687 427 1859 470 septimus.
1890 425 1929 458 ad
1961 428 2090 471 apicem
2121 429 2242 460 summi

371 485 577 530 apostolatus
608 488 715 519 extitit
746 490 949 530 assumptus.
981 485 1021 519 de
1051 488 1144 519 cuius
1176 487 1331 520 mandato
1361 491 1393 519 et
1423 488 1663 519 commissione
1693 485 1831 530 speciali
1861 485 1921 519 sibi
1948 497 2049 532 super
2069 485 2133 520 hoc
2154 486 2243 520 facto

369 546 521 591 prefatus
552 546 704 580 dominus
727 545 870 579 Branda.
902 549 1080 592 episcopus
1110 551 1139 579 et
1172 547 1303 580 auditor
1333 558 1467 580 causam
1499 551 1531 580 et
1560 557 1680 579 causas
1710 546 1897 580 huiusmodi
1928 550 1958 580 in
1989 558 2029 581 eo
2059 552 2156 591 statu,
2179 558 2243 593 quo

371 618 485 641 corani
508 619 548 640 eo
571 612 802 641 remanserant
824 612 975 652 tempore
997 606 1105 641 obitus
1127 608 1250 642 domini
1268 608 1432 642 Bonifacii
1452 608 1622 650 antedicti,
1646 607 1737 641 duxit
1760 608 1980 642 resumendas
1996 613 2027 642 et
2044 611 2244 655 resumpsit3

371 668 490 701 deinde
530 678 613 701 vero
657 668 787 713 prefato
826 668 960 701 domino
991 668 1122 701 Branda
1163 672 1323 714 episcopo
1361 673 1389 702 et
1429 669 1579 702 auditore
1619 673 1709 702 certa
1746 672 1844 713 gravi
1875 668 2064 703 infirmitate
2095 669 2242 713 detenta,

370 730 475 763 dictus
507 729 659 762 dontinus
690 734 815 763 noster.
852 729 1005 762 dominus
1035 729 1255 763 Innocencius
1284 741 1369 776 papa
1405 733 1566 776 septimus
1597 730 1761 774 quandam
1791 730 1964 775 generalis
1993 733 2242 764 commissionis

370 794 443 823 sive
482 791 738 836 supplicacionis
779 790 929 824 cedulam
971 790 1066 824 nobis
1104 802 1164 835 per
1202 795 1329 824 certum
1368 802 1462 824 suuni
1502 802 1676 825 cursorem
1713 793 1901 836 presentari
1932 790 2021 833 secit7
2052 802 2151 836 quam
2181 801 2242 825 nos

371 856 582 885 reverenter.
615 856 645 884 ut
677 851 798 885 decuit.
839 854 1029 897 recepimus
1069 851 1257 885 huiusmodi
1288 851 1348 885 sub
1378 856 1515 886 tenore:
1566 852 1731 897 Dignetur
1760 863 1786 885 s.
1818 863 1852 885 v.
1883 862 2001 886 omues
2030 857 2063 885 et
2090 852 2242 896 singulas

370 924 488 945 causas
519 912 747 946 beneficiales.
778 912 910 945 civiles.
941 912 1132 958 prophanas
1163 917 1195 947 et
1225 913 1428 953 criminales„
1459 924 1541 958 quas
1571 913 1782 946 reverendus
1807 917 1902 959 pater
1923 913 2076 947 dominus
2098 912 2242 950 Branda.

372 976 551 1019 episeopus
587 973 854 1006 Placentinensis
884 973 925 1006 (le
956 974 1110 1007 mandato
1147 986 1172 1008 s.
1206 986 1236 1007 v.
1275 973 1440 1015 audiebat„
1485 985 1761 1019 quarumcunque
1804 976 2078 1007 commissionum
2120 977 2243 1019 vigore

372 1039 509 1080 propter
539 1038 641 1080 ipsius
672 1034 896 1068 iulii-mitatem
927 1035 1026 1068 alicui
1061 1034 1155 1068 alteri
1186 1047 1228 1069 ex
1269 1036 1411 1069 dominis
1441 1035 1518 1069 dieti
1550 1035 1666 1081 palacii
1697 1046 1876 1068 causarum
1907 1034 2113 1069 auditoribus
2143 1046 2243 1069 com-

373 1099 504 1130 mittere
544 1107 648 1141 usque
688 1096 726 1129 ad
766 1099 869 1141 ipsius
906 1096 1029 1130 ‹lomini
1059 1095 1193 1130 Brande
1231 1097 1548 1130 convalescenciam
1589 1101 1619 1128 et
1658 1096 1820 1129 dictarum
1856 1106 2032 1129 causarum
2072 1107 2133 1141 per
2169 1107 2242 1130 eum

372 1160 641 1203 resumpcionem
659 1160 862 1190 coniunctim
881 1161 911 1190 et
929 1157 1059 1190 divisim
1079 1158 1298 1191 resumendas
1316 1161 1344 1191 in
1363 1170 1402 1191 eo
1421 1162 1519 1193 statu.
1538 1161 1567 1191 in
1585 1169 1649 1203 quo
1667 1157 1780 1190 ultimo
1797 1168 1910 1190 coram
1925 1159 1996 1202 ipso
2009 1162 2244 1191 remanserant

369 1224 399 1252 et
430 1219 568 1252 ulterius
598 1218 792 1252 audiendas.
823 1218 1094 1260 cognoscendas.
1126 1218 1333 1253 decidendas
1363 1223 1394 1252 et
1424 1218 1488 1252 line
1516 1218 1629 1252 debito
1660 1218 1886 1252 terminandas
1916 1229 1990 1251 cum
2020 1217 2174 1252 omnibus
2209 1223 2243 1252 et

369 1280 510 1325 singulis
540 1283 607 1313 suis
637 1283 873 1323 emergenciis,
907 1280 1112 1314 incideneiis.
1143 1280 1381 1326 dependenciis
1411 1285 1441 1313 et
1473 1283 1639 1313 connexis
1669 1290 1743 1313 cum
1774 1283 1940 1325 potestate
1961 1279 2095 1322 citandi„
2126 1279 2241 1313 literas

370 1342 525 1375 decretas
555 1340 734 1385 sigillandi.
765 1343 956 1374 sentencias
986 1346 1016 1374 et
1047 1344 1265 1375 instrumenta
1296 1341 1427 1375 extrahi
1458 1344 1542 1374 etin
1569 1340 1733 1387 publicam
1756 1340 1897 1374 formam
1920 1340 2027 1385 redigi
2049 1339 2240 1384 mandandi,

370 1414 538 1449 expensas
575 1402 710 1436 taxandi
750 1407 780 1435 et
821 1402 883 1436 alia
925 1402 1081 1436 faciendi.
1120 1414 1184 1448 que
1220 1403 1327 1436 dictus
1366 1403 1519 1436 (lominus
1549 1401 1682 1436 Branda
1721 1406 1753 1435 ct
1781 1401 1914 1435 auditor
1943 1404 1972 1435 in
2003 1402 2100 1435 dictis
2129 1404 2239 1435 causis

370 1465 497 1497 faceret
528 1469 559 1497 et
598 1464 713 1497 faeere
743 1468 869 1509 posset.
909 1467 935 1496 si
973 1463 1142 1508 predictas
1181 1475 1302 1497 causas
1339 1464 1482 1497 audiret.
1540 1463 1581 1497 Et
1610 1463 1697 1509 quod
1728 1466 1860 1497 notarii.
1892 1466 1946 1508 qui
1977 1473 2092 1496 coram
2122 1461 2242 1496 eodem

374 1526 507 1559 domino
538 1525 573 1558 B.
606 1524 808 1558 scribebant.
850 1527 880 1558 iu
913 1524 1008 1558 dictis
1045 1528 1154 1558 causis
1199 1525 1336 1558 ulterius
1375 1525 1523 1559 scribant
1561 1529 1593 1558 ct
1623 1527 1816 1558 continuent
1854 1527 1885 1557 iu
1915 1523 2041 1557 eisdem
2073 1526 2242 1557 constitu-

367 1586 519 1619 cionibus
549 1586 743 1632 apostolicis
773 1590 802 1619 et
834 1586 906 1619 aliis
936 1589 966 1619 in
997 1590 1202 1619 contrarium
1234 1586 1331 1619 editis
1362 1597 1427 1619 non
1457 1585 1666 1619 obstantibus
1696 1585 1961 1630 quibuscunque.
1997 1584 2033 1618 In
2063 1583 2127 1618 fine
2157 1595 2240 1618 vere

368 1648 455 1681 dicte
486 1651 733 1681 commissionis
762 1648 933 1691 generalis
964 1650 1038 1681 sive
1068 1648 1327 1693 supplicacionis
1353 1647 1470 1681 cedule
1490 1650 1612 1693 scripta
1638 1651 1733 1680 erant
1758 1647 1798 1680 de
1822 1646 1884 1680 alia
1911 1657 2008 1679 manu
2038 1644 2117 1691 (sict
2147 1645 2242 1680 litera

369 1711 535 1754 superiori
567 1709 661 1742 litere
701 1712 803 1754 ipsius
842 1709 959 1742 cedule
996 1712 1126 1754 penitus
1164 1714 1195 1742 et
1234 1712 1369 1742 omnino
1409 1709 1556 1742 dissimili
1587 1713 1619 1742 et
1649 1708 1797 1751 diversa,
1833 1707 1895 1741 bec
1926 1707 2031 1741 verba
2063 1707 2240 1741 videlicet:

372 1770 420 1803 De
452 1770 608 1803 mandato
640 1770 763 1803 domini
794 1773 896 1803 nostri
928 1781 1012 1816 pape
1042 1770 1150 1803 audiat
1190 1773 1351 1814 magister
1380 1769 1552 1803 Johannes
1583 1769 1758 1803 Gatzcow.
1789 1773 2012 1802 reassumniat
2042 1773 2106 1802 etc.
2138 1779 2242 1814 usque

369 1832 407 1864 ad
440 1834 749 1876 reassumpcionem
773 1831 848 1864 dicti
870 1830 993 1864 domini
1016 1833 1163 1877 episcopi
1187 1830 1451 1864 placentinensis
1473 1835 1505 1864 et
1521 1832 1688 1875 justiciam
1717 1830 1827 1864 faciat.
1861 1829 2057 1864 Huiusmodi
2078 1829 2242 1875 siquidem

370 1895 615 1926 commissionis
654 1892 823 1937 generalis
864 1895 983 1935 vigore
1020 1904 1120 1925 eausa
1160 1896 1189 1924 et
1229 1895 1339 1925 causis
1369 1891 1557 1925 huiusmodi
1587 1903 1647 1938 per
1677 1903 1737 1925 nos
1767 1891 1876 1925 debite
1906 1893 2085 1937 resumptis
2115 1901 2240 1937 supra-

373 1955 479 1987 dictus
509 1955 661 1987 «lominus
692 1958 817 1987 noster.
850 1954 1002 1987 (lominus
1034 1953 1253 1986 innocencius
1284 1964 1366 1999 papa
1398 1956 1569 1998 septimus.
1592 1953 1757 1998 quandam
1783 1952 1880 1986 aliam
1901 1954 2148 1986 commissionis
2169 1953 2241 1985 sive

370 2016 630 2061 supplicacionis
670 2015 821 2048 cedulam
864 2014 958 2048 nobis
998 2026 1056 2059 per
1092 2019 1220 2047 certum
1260 2025 1354 2047 suum
1386 2026 1560 2048 cursorem
1593 2017 1779 2059 presentari
1811 2013 1901 2049 fecit.
1931 2024 2014 2058 quas
2044 2024 2104 2047 nos
2134 2015 2241 2046 eciam

372 2081 583 2109 reverenter.
616 2081 646 2109 ut
678 2076 799 2109 decuit.
836 2079 1026 2121 recepimus
1064 2079 1227 2108 tenorem.
1267 2078 1320 2120 qui
1359 2078 1520 2120 sequitur.
1558 2078 1804 2109 continentem:
1863 2074 1960 2108 Pater
1998 2085 2025 2108 s.
2058 2085 2116 2120 pro
2147 2077 2242 2119 parte

371 2137 569 2170 devotorum
608 2142 790 2170 oratorum.
832 2140 980 2170 virorum
1020 2136 1263 2169 venerabilium
1303 2141 1332 2168 et
1374 2137 1609 2181 religiosorum
1659 2139 1807 2169 virorum
1849 2135 2059 2169 dominorum
2106 2134 2242 2168 Iienrici

373 2202 531 2244 prepositi
572 2204 601 2231 et
647 2203 836 2231 conventus
882 2201 1087 2231 monasterii.
1119 2200 1360 2231 canonicorum
1407 2197 1610 2238 regularium
1651 2197 1691 2230 de
1728 2195 1936 2235 Lanslironm
1973 2196 2098 2229 ordinis
2136 2197 2242 2229 sancti

374 2261 565 2296 Aucustini.
598 2259 873 2293 Lutlioiuislensis
904 2259 1061 2292 diocesis.
1093 2261 1272 2304 exponitur
1301 2271 1329 2291 e.
1353 2270 1379 2291 s.
1405 2270 1434 2291 v.
1467 2258 1553 2303 quod
1584 2259 1662 2292 lieet
1691 2270 1707 2291 a
1739 2257 1934 2303 quibusdam
1966 2259 2132 2302 prctcnsis
2157 2267 2242 2302 pro-

372 2320 522 2353 «ombus
565 2321 603 2353 ad
651 2323 846 2354 instanciam
891 2320 1063 2353 cuiusdam
1096 2319 1254 2365 lilyltonis
1294 2318 1431 2364 l'iiilippi
1472 2320 1512 2353 (le
1551 2318 1737 2353 Cziliowitz
1777 2318 1967 2364 presbyteri
2007 2317 2242 2351 olomucensis

372 2382 516 2415 diocesis
557 2383 596 2415 ile
634 2387 663 2415 et
701 2394 802 2428 super
831 2382 973 2415 eeclesia
1006 2381 1208 2427 parrochiali
1246 2383 1276 2414 in
1307 2380 1541 2416 Nezamislicz.
1573 2381 1660 2413 nlicte
1692 2380 1926 2413 (llomucensis
1955 2379 2111 2423 diocesis,
2143 2389 2240 2424 quam

371 2443 447 2475 dicti
479 2448 688 2487 exponentes
727 2448 976 2476 consueverunt
1018 2448 1134 2475 tenere
1170 2447 1201 2475 et
1233 2446 1343 2475 tenent
1376 2445 1405 2474 iu
1437 2446 1590 2486 proprios
1620 2452 1709 2474 usus.
1748 2445 1863 2473 contra
1894 2439 2031 2474 eosdem
2062 2438 2241 2483 religiosos

372 2504 466 2536 i'actis
497 2508 525 2535 et
560 2504 736 2537 fulminatis
768 2515 826 2549 pro
858 2509 950 2549 parte
981 2504 1162 2536 corumleni
1201 2505 1445 2549 exponcncium
1483 2503 1580 2536 l'uerit
1614 2502 1652 2535 ad
1688 2506 1836 2535 sanctam
1871 2501 1985 2534 sedem
2019 2499 2238 2546 apostolicam

371 2565 582 2611 appellatum.
644 2565 677 2597 tii
720 2577 819 2598 eausa
853 2565 1038 2598 huiusmodi
1075 2564 1315 2610 appellaeionis
1354 2568 1385 2595 et
1415 2567 1547 2604 negocii
1579 2563 1769 2609 principalis
1800 2565 1902 2608 ipsius
1933 2560 2124 2594 reverendo
2154 2562 2240 2606 patri

371 2626 505 2658 domino
538 2625 679 2659 llrande.
712 2630 870 2671 episeopo
903 2625 1147 2659 l'laeentiuensi
1179 2629 1282 2659 nostri
1313 2627 1399 2658 saeri
1431 2625 1547 2670 palacii
1579 2624 1751 2670 apostolici
1783 2634 1958 2656 causarum
1991 2626 2066 2655 tunc
2096 2621 2237 2655 auditori

374 2689 551 2719 commissa
593 2691 621 2717 et
668 2699 726 2731 per
769 2687 911 2720 eundem
957 2689 1074 2719 eitaeio
1115 2692 1142 2718 et
1185 2686 1342 2720 inliibieio
1378 2686 1417 2719 ad
1456 2690 1567 2732 partes
1608 2685 1729 2718 suerint
1767 2684 1902 2717 dccrete
1942 2695 1980 2717 ac
2011 2685 2071 2728 ipsi
2101 2680 2240 2728 Mykofni
