2347 3153
1029 202 1096 236 351

127 311 257 356 inJuriis
286 314 317 343 et
348 308 448 343 rebus
486 308 558 342 aliis
595 310 626 342 in
665 318 765 342 causa
805 306 993 341 huiusmodi
1033 306 1161 352 plenius
1195 305 1346 339 deductis
1387 309 1419 339 et
1455 309 1601 352 ipsorum
1639 309 1820 340 occasione
1851 305 1999 352 partibus

129 382 175 406 ex
216 371 334 406 altera.
377 381 508 404 necnon
552 380 688 403 causam
727 374 757 402 et
792 367 917 402 ¹causas
955 367 1123 402 nullitatis.
1163 369 1344 412 iniquitatis
1382 371 1414 400 et
1443 370 1608 401 iniusticie
1637 370 1785 413 pretensi
1816 378 1997 413 processus

129 443 245 467 coram
274 432 363 466 dicto
392 432 526 465 domino
555 430 689 464 officiali
720 433 750 464 in
781 441 882 463 causa
913 428 1100 463 liuiusmodi
1130 427 1232 461 babiti
1262 439 1300 462 ac
1331 430 1463 473 negocii
1485 428 1677 474 principalis
1698 439 1757 462 seu
1780 430 1999 472 negociorum

126 493 358 541 principalium
389 491 573 526 eorundem
604 491 701 525 alicui
732 502 774 524 ex
805 490 1054 524 venerabilibus
1085 491 1166 523 viris
1195 489 1338 523 dominis
1368 492 1473 523 vestri
1503 492 1590 523 sacri
1621 489 1796 536 apostolici
1821 499 1999 522 causarum

127 554 247 602 palacii
275 554 418 588 auditori
448 555 657 587 committere
687 551 883 586 audiendas.
921 550 1192 596 cognoscendas
1224 550 1427 584 decidendas
1467 554 1500 584 et
1537 550 1602 584 line
1632 549 1743 584 debito
1775 549 2000 584 terminandas

127 626 204 650 cum
233 613 386 649 omnibus
416 619 449 648 et
477 614 618 659 singulis
647 616 715 647 suis
745 616 982 657 eniergeneiis.
1014 611 1220 654 incidemus,
1246 611 1486 657 dependenciis
1507 615 1539 645 et
1559 614 1736 645 connexis.
1759 616 1787 645 et
1811 614 1836 644 si
1859 621 2002 644 neccsse

128 675 242 718 suerit,
271 686 346 710 cum
376 679 542 721 potestate
571 674 692 708 citandi
723 673 897 708 Nicolaum
935 673 976 706 de
1006 672 1174 706 Obersess
1203 682 1241 705 ac
1274 672 1464 706 Conradum
1494 676 1527 705 et
1556 671 1738 706 Liekonem
1768 671 1940 718 predictos
1970 676 2001 704 et

128 747 348 783 quoscunque
377 735 462 770 alios
491 746 550 770 sua
581 737 803 769 communiter
833 734 886 768 vel
917 734 1049 767 divisim
1080 736 1245 766 interesse
1283 737 1437 778 putantes
1476 735 1506 766 in
1537 744 1675 766 romana
1706 735 1810 767 curia.
1842 736 1938 766 extra
1971 736 2003 765 et

128 796 170 831 ad
199 801 313 844 partes
342 799 471 831 tociens
499 799 662 842 quociens
691 800 890 842 oportunum
923 795 1032 828 luerit.
1072 805 1137 828 non
1175 793 1342 832 obstante,
1382 793 1469 839 qnod
1510 794 1624 828 forsan
1661 805 1762 827 causa
1801 805 1859 827 seu
1900 805 2003 827 cause

129 857 320 904 hujusmodi
350 868 416 892 non
445 860 509 892 sint
538 857 578 891 ad
609 857 730 891 dictam
769 859 895 890 curiam
926 856 1074 901 legitime
1109 854 1279 890 devolute.
1310 866 1372 888 nec
1410 858 1441 888 in
1471 855 1588 888 eadem
1619 856 1659 888 de
1685 856 1770 899 juris
1801 857 2003 888 necessitate

129 919 305 956 tractanda·
341 929 402 953 seu
440 921 546 952 eciam
584 918 741 952 finiende.
799 917 835 952 ln
872 917 936 951 linc
972 928 1055 951 vero
1091 916 1179 950 dicte
1217 918 1465 949 commissionis
1503 919 1576 949 sive
1615 916 1852 962 suplicacionis
1883 915 2001 949 cedule

127 984 252 1029 scripta
295 984 392 1015 erant
433 979 650 1014 de'altcrius
692 989 809 1013 manus
847 978 954 1012 litera.
990 980 1156 1022 superiori
1195 977 1290 1010 litei-e
1334 980 1435 1023 ipsius
1474 977 1592 1010 cedule
1633 980 1762 1023 penitus
1803 981 1833 1009 et
1865 978 2002 1009 omnino

127 1042 280 1077 dissimili
308 1046 342 1076 et
370 1041 518 1076 diversa.
550 1040 612 1074 bec
642 1039 746 1074 verba
785 1039 961 1073 videlicet:
1003 1038 1052 1071 De
1091 1038 1247 1071 mandato
1283 1038 1406 1071 domini
1446 1041 1549 1071 nostri
1581 1049 1665 1084 pape
1695 1038 1805 1071 audiat
1837 1040 2000 1081 magister

129 1103 338 1147 buinardus,
365 1105 454 1138 citet.
493 1106 526 1136 ut
564 1104 686 1148 petitur
720 1105 752 1134 et
783 1102 952 1144 justiciam
989 1099 1099 1132 saciat.
1131 1098 1368 1144 Cujusquidem
1399 1101 1646 1133 commissionis
1677 1101 1805 1143 vigoris
1835 1100 2002 1132 citacione

129 1175 192 1211 per
219 1163 343 1198 dictum
372 1163 543 1198 dominnm
580 1162 789 1196 Leonardum
826 1160 1012 1194 auditorem
1053 1160 1091 1193 ad
1132 1165 1244 1205 partes
1282 1159 1418 1193 decreta
1456 1172 1495 1193 ac
1533 1163 1601 1206 ipsa
1643 1159 1719 1193 inibi
1750 1163 1905 1194 executa.
1937 1169 2001 1192 una

129 1236 205 1260 cnm
247 1227 458 1260 execucione
501 1228 683 1270 reportata.
726 1223 858 1257 tandem
899 1222 984 1256 idem
1025 1221 1178 1254 dominus
1215 1220 1410 1254 Lconardus
1446 1221 1576 1255 auditor
1612 1232 1649 1255 se
1685 1233 1703 1254 a
1734 1231 1871 1254 romana
1911 1222 2002 1253 curia

130 1285 332 1329 absentavit,
363 1289 500 1332 propter
528 1286 624 1329 cujus
653 1283 847 1318 absenciam
878 1287 1082 1316 memoratus
1112 1282 1218 1315 felicis
1249 1282 1500 1316 recordacionis
1525 1282 1681 1316 dominus
1702 1281 1896 1315 Bonisacius
1918 1291 2002 1326 papa

130 1358 240 1382 nonus
281 1358 418 1382 causam
461 1351 493 1380 et
537 1357 657 1380 causas
701 1345 890 1390 hujusmodi
934 1347 964 1377 in
1009 1356 1050 1377 eo
1088 1348 1186 1377 statu.
1227 1346 1256 1376 in
1293 1354 1358 1388 qno
1397 1354 1510 1377 coram
1549 1346 1621 1389 ipso
1660 1343 1796 1377 domino
1826 1342 2003 1376 Leonardo

129 1407 282 1443 auditore
310 1412 556 1450 remanserant,
586 1407 735 1441 indecise
767 1405 950 1440 venerabili
982 1409 1012 1437 et
1042 1407 1288 1449 circumspecto
1318 1407 1392 1437 viro
1422 1404 1557 1438 domino
1583 1403 1771 1438 Bertrando
1801 1403 1841 1437 de
1864 1404 2002 1437 Arnas-

128 1479 213 1504 sano
241 1469 427 1503 coauditori
456 1473 572 1503 nostro
601 1471 767 1502 commisit
798 1466 1052 1500 resuuunendas
1077 1469 1107 1497 et
1130 1464 1266 1498 ulterius
1287 1465 1469 1498 audiendas
1490 1470 1522 1498 et
1543 1464 1607 1498 line
1629 1464 1740 1498 debito
1762 1463 2001 1498 terminandas.

129 1530 258 1565 scilicet
286 1534 464 1576 antequam
493 1529 534 1564 ad
565 1529 723 1564 ulteriora
754 1532 784 1563 in
815 1527 1003 1562 huiusmodi
1033 1537 1134 1559 eausa
1166 1528 1252 1559 inter
1282 1530 1394 1571 partes
1425 1526 1592 1571 predictas
1613 1536 1809 1571 processum
1831 1527 2001 1566 extiterat.

127 1591 218 1626 dicto
259 1591 395 1626 domino
438 1590 624 1625 Bonifaoio.
669 1595 702 1624 ut
736 1590 898 1624 altissimo
939 1588 1071 1634 placuit.
1111 1587 1151 1619 de
1191 1586 1300 1620 medio
1338 1586 1468 1620 sublato
1497 1590 1529 1619 et
1558 1589 1770 1620 sanctissimo
1801 1588 1832 1618 in
1863 1585 1997 1618 t'liristo

126 1657 223 1699 patre
251 1658 285 1687 et
312 1652 447 1687 domino
477 1657 593 1687 nostro
622 1652 757 1686 domino
787 1651 990 1685 lnnocencio
1021 1650 1131 1681 divina
1163 1646 1380 1693 providencia
1412 1658 1494 1693 papa
1525 1649 1667 1692 septimo
1687 1646 1728 1680 ad
1750 1650 1880 1692 apicem
1902 1657 1997 1679 suum

125 1713 332 1760 apostolatus
360 1717 531 1760 assumpto
561 1717 593 1747 et
622 1723 723 1746 causa
752 1723 812 1746 seu
842 1714 954 1745 causis
985 1707 1174 1743 huiusmodi
1206 1708 1246 1740 de
1277 1710 1379 1753 ipsius
1410 1707 1564 1741 mandato
1595 1719 1655 1753 per
1679 1707 1800 1741 (lictum
1829 1706 1997 1740 dominum

126 1772 349 1809 Beria-andum
379 1774 565 1808 auditorem
596 1773 707 1807 debite
737 1775 927 1818 resumptis.
960 1770 1091 1804 demum
1123 1774 1327 1802 ini-mumius
1357 1769 1511 1802 dominus
1532 1774 1646 1802 noster
1667 1768 1889 1802 innocencius
1911 1779 1994 1814 papa

126 1837 289 1882 septimus
325 1834 491 1880 quandam
527 1834 625 1869 aliam
664 1836 910 1868 commissionis
954 1835 1026 1865 sive
1063 1829 1321 1876 supplicacionis
1361 1830 1512 1864 cedulam
1554 1833 1613 1876 ipsi
1645 1830 1779 1863 domino
1811 1828 1998 1862 Bertrando

127 1895 270 1931 auditori
312 1907 373 1943 per
415 1900 542 1930 certum
585 1907 679 1929 sunm
723 1906 898 1929 cursorem
937 1894 1122 1939 presentari
1163 1890 1252 1931 l'ecit,
1291 1902 1388 1935 quam
1430 1895 1642 1929 reverenter.
1673 1895 1705 1924 ut
1735 1890 1857 1925 decuit.
1888 1890 1927 1922 ad
1958 1900 1995 1923 se

125 1959 253 2004 recepit
295 1956 493 1991 huiusmode
535 1956 596 1990 suh
640 1961 776 1990 tenore:
827 1955 1023 1989 Beatissimi·
1062 1956 1167 1998 pater.
1206 1954 1386 1997 exponitur
1423 1963 1450 1985 s.
1491 1963 1521 1985 v.
1562 1963 1622 1998 pro
1663 1955 1755 1998 parte
1794 1950 1994 1984 devotorum

125 2022 298 2052 oratorum
328 2017 479 2062 eJusdem
511 2016 639 2051 Nicolai
671 2016 772 2051 l'olalt
803 2021 834 2049 et
865 2015 994 2050 Nicolai
1028 2012 1189 2052 wei-„vinu
1221 2011 1495 2057 presbyterorum
1528 2013 1761 2046 Olonna-ensis
1791 2011 1936 2045 diocesis
1967 2015 1999 2043 et

125 2077 257 2121 dicitur,
285 2077 374 2125 qnod
413 2079 489 2113 licet
528 2079 738 2112 immediatus
775 2078 999 2124 predecessor
1028 2087 1055 2107 s.
1088 2085 1118 2106 x.
1151 2075 1306 2106 unionem
1337 2077 1367 2106 et
1399 2076 1711 2119 ineorporacionem
1748 2071 1998 2106 venerabilibus

126 2143 160 2174 et
200 2138 370 2184 religiosis
412 2138 611 2173 dominabus
653 2138 823 2173 abbatisse
866 2143 895 2170 et
941 2139 1132 2170 conventus
1169 2136 1243 2178 *2²4⁰*
1290 2137 1483 2167 monasterii
1528 2134 1623 2167 xailis
1667 2138 1782 2167 sancte
1814 2133 1919 2167 Marii·
1958 2135 1998 2166 de

127 2198 265 2235 Oslavio
303 2199 429 2235 ordinis
459 2200 694 2234 cisterciensis
733 2199 820 2233 dicte
857 2199 1001 2233 diocesis
1042 2197 1082 2229 de
1122 2194 1323 2241 parrochiali
1360 2196 1503 2228 ecclesia
1534 2198 1640 2229 sancti
1671 2194 1787 2228 Jacobi
1818 2195 1859 2227 de
1890 2194 1997 2239 burgo

126 2259 315 2296 Brunnensi
345 2262 494 2296 eiusdem
524 2261 670 2295 diocesis
700 2272 774 2295 cum
804 2259 957 2293 omnibus
983 2256 1114 2301 juribus
1144 2261 1176 2288 et
1206 2259 1421 2301 pertinenciis
1451 2259 1530 2290 suis.
1561 2256 1681 2289 dudum
1710 2267 1769 2302 per
1791 2255 1996 2289 ordinarium

126 2321 234 2358 facias
261 2326 294 2356 et
323 2333 384 2369 per
411 2334 449 2356 se
478 2322 702 2356 reverendum
743 2322 910 2355 dominnm
944 2320 1174 2353 Memmii-mn
1216 2327 1333 2362 papam
1364 2320 1528 2361 quartum.
1570 2319 1675 2349 eciam
1715 2316 1994 2362 predecessorem

127 2386 295 2418 vestrum.
323 2381 554 2416 confirmatam
585 2385 823 2417 innovaverint
854 2385 928 2415 >sie
967 2386 1066 2425 atque
1097 2382 1300 2411 executores
1331 2382 1454 2412 certos.
1485 2389 1600 2411 eornm
1633 2380 1777 2423 propriis
1808 2376 1996 2411 nominihus

77 2462 85 2468 ·
126 2452 193 2477 uon
222 2445 408 2489 expressis.
439 2454 512 2476 cnm
543 2442 595 2476 illu
635 2443 795 2477 clausula.
826 2447 1012 2487 v..ipiatenus
1045 2451 1105 2472 vos
1136 2438 1189 2471 wi
1220 2438 1284 2471 ‹tm›
1318 2443 1371 2470 ant
1403 2449 1485 2471 unns
1518 2440 1689 2472 vestrnm‘·
1731 2443 1794 2472 etc.
1835 2439 1874 2471 ad
1905 2449 1995 2471 exe-

125 2502 292 2549 quendum
323 2506 580 2538 innox-ucionem
611 2504 751 2537 eandem
782 2504 1013 2549 deputaverit:
1049 2506 1078 2532 et
1110 2510 1309 2545 quamquam
1342 2499 1543 2533 venerabilis
1574 2503 1602 2531 et
1635 2499 1813 2543 religiosus
1843 2499 1996 2532 dominns

124 2562 301 2602 Pati-icius.
343 2563 446 2598 abbas
492 2567 684 2598 monasterii
729 2563 825 2598 beate
864 2563 968 2598 Mari·-
1008 2563 1186 2594 Scotorum
1227 2560 1267 2593 de
1307 2559 1450 2593 Wienna
1490 2560 1616 2593 ordinis
1660 2564 1765 2594 sancti
1807 2560 1992 2594 Benedicti.

127 2622 336 2659 pataviensis
365 2624 521 2659 ‹tim-esis.
554 2635 637 2658 unus
666 2635 708 2659 ex
748 2623 987 2658 executoribus
1017 2623 1143 2655 eisdem
1183 2624 1329 2666 receptis
1364 2620 1468 2654 literis
1519 2624 1776 2655 inn«wa‹·ioiieiii
1808 2620 1994 2654 lininsniodi

127 2694 309 2731 processus
338 2685 476 2731 penates
506 2688 536 2719 in
566 2686 847 2719 contradictorum
870 2684 1034 2730 quoslibet
1058 2688 1087 2716 et
1111 2682 1254 2716 rebelles
1276 2681 1514 2717 tintinnum-ru.
1539 2681 1810 2727 venerabilisque
1832 2682 1993 2725 retugium
