2347 3153
1269 211 1340 244 tei

370 316 564 346 vacaverit:
605 315 690 358 quod
729 318 799 348 eius
830 315 969 348 collacio
995 317 1090 359 juxta
1122 315 1359 348 Lateranensis
1389 319 1508 348 statuta
1540 315 1672 348 concilii
1701 316 1740 348 ad
1772 315 1913 349 eandem
1943 315 2058 349 sedem
2088 315 2237 360 legitime

368 374 536 408 devoluta.
569 375 622 408 vel
653 376 796 409 ecclesia
815 379 883 421 ipsa
915 377 1128 421 disposicioni
1158 377 1341 422 apostolice
1371 376 1562 421 specialiter
1583 376 1635 409 vel
1657 376 1863 419 generaliter
1883 380 2058 409 reservata
2079 378 2237 410 existant.

371 440 402 467 ut
433 447 534 480 super
563 447 636 469 eam
667 439 753 470 inter
782 437 922 481 aliquos.
954 440 1047 470 cuius
1069 441 1187 470 statum
1219 436 1334 470 liaberi
1366 437 1519 470 xolumus
1550 436 1761 482 presentibus
1792 448 1851 482 pro
1881 447 2059 482 expressQ
2090 439 2121 470 in
2153 437 2239 471 dicta

369 500 472 530 curia.
505 497 557 529 vel
588 502 683 530 extra
724 509 796 531 eain
834 498 973 542 pendeat
1007 498 1166 531 indecisa.
1205 498 1384 531 dummodo
1425 503 1576 544 tempore
1607 497 1671 531 dati
1703 501 1914 543 presencium
1945 509 2010 531 non
2040 500 2081 531 sit
2112 501 2143 532 in
2172 501 2243 544 ipsa

369 558 513 591 eeclesia
557 558 653 591 alicui
698 559 889 604 specialiter
923 560 978 601 jus
1022 562 1200 603 quesitum.
1239 570 1313 592 cum
1350 558 1502 592 omnibus
1537 558 1670 602 jin-ibus
1709 563 1736 592 et
1779 562 1995 604 pertinenciis
2034 562 2102 593 suis
2132 559 2242 594 eidem

369 618 566 651 Bernhardo
606 622 804 651 auctoritate
842 624 956 652 nostra
997 619 1155 653 conferas
1196 625 1228 652 et
1270 623 1442 664 assignes:
1486 619 1647 653 inducens
1684 631 1743 665 per
1782 625 1812 653 te
1843 620 1896 653 vel
1926 620 2038 663 alium,
2068 631 2127 654 seu
2157 619 2240 654 alios

368 679 508 712 eundem
533 679 775 712 Bernliardum.
800 680 852 713 vet
876 685 1127 725 procuratorem
1150 692 1243 714 suum
1266 682 1338 724 ejus
1359 683 1492 714 nomine
1524 683 1555 714 in
1576 681 1786 726 corporalem
1809 684 2059 726 possessionem
2080 681 2237 715 ecclesie.

363 742 554 785 juriumque
573 745 601 773 et
621 744 904 785 pertinenciarum
922 742 1148 787 predictorum
1171 746 1202 775 et
1224 742 1409 775 defendens
1430 743 1600 776 inductum
1622 746 1733 775 amoto
1755 742 1876 775 exinde
1894 741 2039 787 quolibet
2061 741 2237 776 detentore

368 813 406 834 ac
438 800 565 834 faciens
596 801 655 834 sibi
687 801 726 834 de
757 805 859 847 ipsius
889 802 1034 835 ecclesie
1065 802 1238 836 fructibus.
1271 803 1464 841 redditibus,
1496 802 1729 849 proventibus.
1757 802 1889 847 juribus
1910 808 1940 836 et
1971 802 2238 837 obvencionibus

370 866 538 896 universis
569 866 699 907 integre
730 864 940 908 responderi.
971 864 1238 897 contradictores
1267 867 1467 897 auctoritate
1497 869 1610 898 nostra
1641 865 1859 910 appelacione
1889 867 2074 910 postposita
2096 875 2240 910 compe-

368 924 504 957 scendo.
557 923 628 957 Non
667 923 875 957 obstantibus
915 929 978 957 tam
1011 925 1118 958 felicis
1149 925 1401 958 recordacionis
1433 925 1596 959 Bonifacii
1626 937 1711 971 pape
1742 925 1817 958 Vll!
1848 929 1954 958 eciam
1984 924 2242 971 predecessoris

369 988 485 1019 nostri.
518 996 614 1029 quam
655 985 726 1017 aliis
764 985 1062 1019 constitui-ionibus
1099 986 1292 1031 apostolicis
1323 990 1501 1020 contrariis
1531 986 1795 1032 quibuscunque.
1854 986 1922 1019 Aut
1952 989 1979 1019 si
2009 986 2108 1031 aliqui
2138 997 2240 1032 super

369 1045 617 1091 provisionibus
655 1045 715 1079 sibi
755 1045 917 1079 faciendis
956 1047 996 1079 de
1033 1047 1220 1081 huiusmodi
1260 1048 1312 1081 vel
1352 1049 1424 1081 aliis
1464 1047 1634 1081 benefieiis
1666 1047 1906 1081 ecelesiasticis
1937 1050 1967 1080 in
1997 1047 2059 1081 illis
2088 1046 2237 1093 partibus

366 1107 531 1152 speciales
571 1107 623 1140 vel
662 1108 841 1151 generales
880 1107 966 1140 dicte
1004 1108 1093 1141 sedis
1125 1109 1179 1141 vel
1210 1109 1396 1152 legatorum
1427 1110 1499 1153 ejus
1529 1109 1643 1142 literas
1673 1111 1892 1154 impetrarint.
1924 1111 2059 1142 eciamsi
2090 1118 2150 1154 per
2179 1119 2237 1141 eas

363 1170 401 1201 ael
434 1168 680 1202 inliibicionem.
722 1172 997 1202 resin-racionem
1038 1174 1067 1202 et
1105 1170 1289 1205 decretum.
1331 1170 1383 1203 vel
1420 1170 1501 1203 alias
1530 1169 1779 1215 quomodolibet
1808 1173 1849 1203 sit
1879 1180 2087 1215 processum.
2117 1168 2236 1214 quibus

364 1229 516 1262 omnibus
547 1229 710 1275 prel'atum
743 1229 974 1263 Bernliardum
1015 1233 1045 1263 in
1085 1234 1307 1264 assecucione
1346 1231 1433 1264 dicte
1463 1231 1608 1264 ecclesie
1638 1230 1792 1264 volumus
1822 1230 1994 1266 anteferri.
2025 1230 2082 1264 sed
2114 1229 2235 1263 nullum

365 1303 424 1336 per
455 1291 516 1323 lioc
547 1294 595 1324 eis
626 1290 734 1335 quoad
765 1294 1020 1325 assecucionem
1052 1291 1291 1325 beneficiorum
1323 1292 1463 1325 aliorum
1495 1292 1714 1338 prejudicium
1745 1295 1915 1335 generari.
1966 1291 2033 1325 Seu
2064 1294 2090 1324 si
2121 1301 2237 1324 vene-

366 1352 457 1385 rabili
490 1352 580 1384 l'ratri
623 1357 736 1385 nostro
768 1379 773 1384 .
807 1379 813 1384 .
845 1356 1003 1398 episeopo
1034 1352 1261 1386 Olomueensi.
1300 1353 1353 1386 vet
1391 1353 1565 1398 quibusvis
1603 1353 1674 1392 aliis
1714 1356 1937 1386 communiter
1975 1352 2028 1386 vel
2058 1352 2191 1386 divisim
2221 1364 2239 1385 a

364 1413 448 1445 dieta
480 1416 516 1446 sit
549 1413 630 1446 sede
660 1413 831 1446 indultum.
862 1414 947 1458 qnod
979 1413 1018 1446 ad
1050 1417 1286 1459 recepeionem
1319 1414 1371 1447 vel
1402 1418 1631 1460 provisionem
1663 1415 1803 1448 alicuius
1835 1417 1967 1448 minime
1998 1417 2175 1448 teneantur
2205 1417 2236 1447 et

364 1475 402 1507 ad
434 1474 462 1507 id
495 1474 662 1520 compelli.
692 1479 744 1507 aut
785 1474 870 1518 quod
907 1475 1071 1508 interdici.
1110 1476 1279 1520 suspendi.
1319 1476 1370 1509 vet
1411 1479 1696 1509 exe‹›nnminieari
1737 1487 1801 1510 non
1842 1479 1982 1521 possint.
2011 1474 2167 1520 quodque
2196 1474 2237 1508 de

363 1535 551 1578 hujusmodi
575 1535 628 1568 vel
658 1535 729 1568 aliis
751 1534 922 1568 beneficiis
943 1535 1182 1569 ecclesiasticis
1203 1537 1241 1569 ad
1265 1548 1380 1570 eorum
1403 1537 1632 1571 collacionem.
1663 1540 1906 1583 provisionem,
1928 1539 2233 1582 presentaeionein.

363 1608 420 1630 seu
452 1599 606 1641 quamvis
636 1596 731 1629 aliam
765 1596 1023 1641 disposicionem
1055 1599 1257 1641 conjunctim
1280 1598 1332 1631 vel
1355 1601 1534 1643 separatim
1557 1598 1784 1644 spectantibus
1814 1598 1892 1632 nulli
1908 1597 2022 1632 valcat
2052 1596 2235 1643 provideri,

364 1670 424 1703 per
454 1658 566 1690 literas
597 1657 799 1703 apostolicas
821 1668 885 1690 non
909 1657 1070 1691 facientes
1101 1659 1230 1703 plenam
1262 1664 1294 1692 et
1315 1670 1525 1705 expressam.
1556 1671 1595 1693 ac
1625 1660 1666 1693 de
1697 1659 1803 1693 verbo
1825 1659 1863 1693 ad
1886 1658 2027 1693 verbum
2049 1658 2091 1692 de
2112 1658 2236 1692 indulto

365 1718 554 1762 hujusmodi
586 1722 793 1751 mencionem
834 1724 863 1751 ct
904 1718 1048 1763 qualibet
1078 1719 1139 1753 alia
1171 1719 1256 1753 dicte
1286 1720 1375 1753 sedis
1415 1720 1624 1765 indulgencia
1655 1720 1806 1765 generali
1838 1720 1891 1754 vel
1920 1720 2069 1765 speciali.
2113 1722 2232 1753 cuius-

365 1791 495 1824 cunque
540 1782 665 1812 tenoris
704 1782 837 1813 existat.
883 1791 942 1825 per
981 1792 1077 1825 quam
1118 1780 1329 1826 presentibus
1369 1792 1433 1814 non
1473 1793 1670 1828 expressam
1710 1782 1762 1814 vel
1801 1782 1944 1815 totaliter
1982 1792 2048 1815 non
2078 1783 2235 1814 insertam

365 1841 503 1873 ell'ectus
543 1852 657 1873 earum
699 1842 848 1886 impediri
890 1842 999 1874 valeat
1040 1841 1302 1886 quomodolibet,
1340 1843 1392 1876 vel
1433 1843 1557 1876 dill'erri
1597 1847 1628 1876 et
1667 1843 1707 1876 de
1737 1854 1799 1888 qua
1831 1845 1992 1887 cuiusque
2021 1846 2140 1876 tenore
2169 1845 2237 1875 toto

365 1901 514 1934 habenda
556 1904 593 1934 sit
635 1904 664 1934 in
703 1904 825 1935 nostris
865 1902 969 1935 literis
1008 1906 1138 1936 mencio
1177 1903 1343 1949 specialis.
1402 1903 1471 1937 Nos
1501 1907 1588 1937 enim
1619 1907 1646 1937 si
1677 1904 1825 1949 prelatus
1856 1902 2074 1937 Bernliardus
2102 1902 2142 1937 ad
2173 1902 2236 1937 hoc

363 1967 516 2007 repertus
547 1962 642 1995 l'nerit
676 1962 825 1996 idoneus.
858 1967 887 1996 ut
919 1964 1097 2008 prefertur.
1129 1975 1171 1997 ex
1203 1975 1289 1997 nunc
1311 1965 1449 2010 perinde
1480 1967 1605 1998 irritum
1637 1965 1849 1998 decernimus
1879 1969 1911 1998 et
1941 1968 2050 2001 inane.
2080 1967 2106 1998 si
2136 1975 2235 1998 secus

367 2034 468 2068 super
498 2023 559 2056 liiis
589 2035 605 2055 a
637 2035 802 2068 quoquam
834 2027 951 2068 quavis
982 2028 1180 2059 auctoritate
1211 2029 1358 2059 scienter
1387 2026 1442 2059 vel
1484 2029 1681 2069 ignoranter
1710 2029 1887 2066 contigerit
1918 2029 2119 2072 attemptari,
2150 2036 2189 2059 ac
2209 2029 2235 2059 si

365 2084 416 2116 ilie
449 2085 512 2117 dati
545 2087 757 2130 presencium
798 2085 905 2118 eidem
938 2085 1135 2119 Bernliardo
1175 2087 1214 2119 ad
1246 2086 1308 2120 lioe
1340 2092 1474 2132 reperto
1506 2087 1626 2121 idoneo
1657 2087 1697 2120 de
1728 2087 1813 2120 dicta
1845 2087 1988 2121 ecclesia
2019 2098 2094 2120 cum
2127 2089 2237 2121 inter-

363 2148 534 2189 posieione
565 2145 690 2178 decreti
722 2146 891 2191 provideri
924 2147 1226 2181 mandavissemus.
1259 2148 1378 2181 Datum
1411 2147 1517 2181 Rome
1547 2148 1631 2194 apud
1663 2152 1813 2181 sanctum
1847 2148 1977 2181 l'etrum
2009 2147 2055 2182 Xl
2077 2147 2238 2182 kalendas

362 2205 461 2238 Junii.
494 2206 705 2251 pontificatus
737 2210 839 2240 nostri
871 2219 957 2240 anno
988 2211 1105 2253 primo.

676 2278 817 2304 ‹butan-r,
845 2278 1027 2303 ,Ὴιιιιιιιιινιιΐει
1057 2279 1106 2307 IV*
1134 2289 1198 2312 pagg,
1226 2281 1313 2307 3⁹7.»

1240 2426 1349 2461 369.

375 2491 512 2534 foster-h
555 2506 616 2524 ram
651 2493 778 2526 ,lleililz-
820 2495 980 2539 rerlmnsl
1019 2497 1090 2527 ilem
1134 2495 1411 2529 .N'111111c¹1el1·loslei·
1452 2497 1484 2528 in
1526 2495 1694 2528 Pus-limei-
1733 2497 1830 2528 einen
1871 2495 1964 2528 thn
2005 2497 2036 2527 in
2068 2494 2236 2528 J)1·1's.s·e'!:·.

1022 2556 1075 2589 Ι)Ι.
1111 2556 1251 2589 illeilitz.
1283 2557 1342 2589 25).
1377 2556 1451 2589 Μαί
1483 2555 1590 2590 1705.

499 2612 540 2664 'n
574 2632 624 2664 ‹lei
658 2636 790 2665 nomine
821 2645 928 2666 anien.
964 2633 1202 2668 Necessarium
1234 2640 1295 2668 est.
1327 2640 1359 2668 nt
1390 2635 1474 2668 faeta
1497 2646 1561 2679 que
1584 2638 1836 2680 perpetuitatem
1861 2638 2042 2680 respiciunt
2063 2635 2234 2668 literarum

364 2696 552 2726 testimonio
583 2698 613 2725 et
644 2694 833 2729 sigillorum
866 2698 1045 2728 munimine
1077 2695 1288 2729 roborentur.
1340 2695 1500 2729 Nox‘erint
1535 2699 1635 2736 igitur
1665 2700 1728 2729 tam
1761 2701 1937 2741 presentes
1967 2707 2063 2740 quain
2095 2698 2235 2741 posteri.
