2347 3153
0 2482 10 2812 v--q—v-A-vv—v-
0 2436 2 2445 s
0 2382 2 2389 s

996 264 1067 297 109

99 374 317 405 reservantes
347 370 463 403 damus
493 372 707 414 assignamus
737 374 769 403 et
794 370 966 414 jungimus
996 380 1125 402 necnon
1157 372 1410 415 incorporamus
1453 369 1546 402 altari
1577 369 1712 402 fundato
1742 373 1770 401 et
1803 369 1966 413 erigendo

95 431 275 466 antedicto.
309 431 403 465 [nde
439 430 609 464 buiniliter
648 430 870 477 supplicamus
909 430 1194 464 reverendissimo
1235 433 1265 464 in
1303 429 1437 464 Christo
1466 433 1551 476 patri
1589 434 1619 463 et
1659 430 1792 464 domino
1831 430 1964 463 donnino

94 491 240 527 Johanni
270 496 430 539 episcopo
461 491 680 526 Olomncensi
718 496 771 526 aut
811 495 881 526 eius
917 495 1044 525 vicario
1084 495 1113 525 in
1153 491 1389 537 spiritualibus,
1420 496 1583 537 quatenus
1617 493 1733 537 jungat
1772 494 1962 537 incorporet

96 558 278 589 invisceret
309 554 429 588 dictam
467 554 580 587 vittam
621 553 721 599 Rotiy
759 556 806 587 sic
845 565 904 599 per
942 565 1002 587 nos
1041 552 1178 587 fundato
1215 553 1308 586 altari
1345 563 1419 586 cum
1458 552 1555 598 pleno
1591 552 1737 586 dominio
1776 556 1966 598 ceterisque

94 615 299 650 utilitatibus.
329 619 424 661 prout
455 617 608 660 superius
638 619 686 648 est
717 614 844 660 plenius
874 619 1118 661 expressatum‚
1150 614 1270 648 deinde
1299 614 1455 658 dignetur
1485 617 1589 660 ipsum
1620 617 1754 658 erig-ere
1786 617 1815 647 111
1847 614 1964 647 eccle-

97 679 273 711 siasucum
302 676 428 710 titulum
460 675 613 709 beneficii
644 680 674 708 et
705 678 752 709 sic
782 680 896 709 erecto
926 675 1092 709 dominum
1125 675 1296 710 Simonem
1328 675 1368 709 de
1403 674 1586 721 Tyssnow.
1616 678 1741 708 arcium
1781 674 1966 708 liberalium

101 740 296 783 magistrum
327 737 413 770 atine
443 739 672 770 universitatis
701 736 797 770 studii
829 736 1019 781 Pragensis.
1057 742 1222 782 tamquam
1262 748 1379 770 verum
1419 740 1451 769 et
1486 735 1670 779 legitimum
1707 741 1875 770 rectorem
1905 747 1964 769 seu

99 798 307 844 capellanum
333 799 494 843 jungere.
525 803 554 831 et
586 809 650 831 non
681 798 792 832 alium.
823 809 886 831 non
917 797 1127 842 dedignetur.
1149 797 1410 831 Condicionibus
1431 801 1541 831 tamen
1563 795 1682 830 talibus
1702 808 1767 830 nou
1789 797 1966 831 obmissis:

95 859 183 906 quod
214 859 299 894 idem
330 859 483 893 dominus
513 858 630 893 Simon
660 862 785 893 arcium
817 858 1000 892 liberalium
1031 862 1191 903 magister
1212 863 1326 892 noster
1346 857 1539 903 capellanus
1559 858 1598 891 ad
1622 858 1750 891 laudem
1772 863 1801 891 et
1824 858 1965 898 gloriam

99 921 228 956 domini
257 923 362 954 nostri
392 919 471 954 Jesn
503 919 624 953 Clu-isti
655 924 684 953 et
715 920 864 964 gloriose
893 922 1035 964 virginis
1064 923 1135 953 eins
1166 923 1279 953 matris
1308 919 1414 954 Mario
1444 924 1475 952 et
1503 919 1694 965 specialiter
1732 920 1772 953 ad
1804 920 1965 954 bonorem

100 987 292 1016 sanctorum
323 980 486 1025 Johannis
516 981 727 1026 evangeliste
755 980 917 1014 Jobannis
947 980 1087 1026 baptiste
1124 985 1153 1013 et
1193 981 1309 1014 decem
1350 980 1449 1014 millia
1487 979 1564 1025 (sie)
1601 983 1785 1015 martirum.
1826 992 1965 1026 quorum

99 1054 240 1089 presens
269 1043 398 1089 capella
435 1042 562 1076 titulum
601 1041 775 1077 obtinebit.
811 1046 952 1087 quatuor
988 1045 1106 1075 missas
1144 1045 1173 1075 in
1217 1042 1330 1075 divino
1373 1042 1484 1075 officio
1527 1041 1707 1075 celebrabit
1753 1041 1968 1078 ebdomatiin.

99 1104 254 1150 quamdiu
286 1106 408 1137 vixerit
439 1108 468 1136 et
501 1103 586 1137 idem
617 1104 722 1136 altare
753 1106 907 1138 tenuerit.
938 1106 1026 1149 ipsas
1056 1114 1116 1148 per
1145 1114 1181 1137 se
1212 1103 1265 1136 vel
1295 1103 1392 1136 alium
1428 1114 1487 1136 seu
1518 1103 1599 1136 alios
1629 1103 1840 1136 terminando
1871 1104 1969 1137 modo

96 1169 128 1198 et
160 1164 266 1199 forma
297 1164 527 1210 infrascriptis.
562 1165 656 1205 Quod
688 1164 880 1210 capellanus
908 1177 966 1198 seu
999 1165 1146 1198 altarista
1177 1165 1387 1210 supradictus
1418 1164 1501 1197 infra
1523 1164 1695 1210 epistolam
1720 1167 1820 1197 misse
1842 1170 1970 1198 mature

99 1230 212 1274 exeat.
243 1228 534 1272 supranominatas
560 1228 678 1259 missas
699 1237 811 1259 coram
834 1226 954 1272 populo
975 1226 1014 1259 ad
1038 1226 1305 1261 terminandum:
1335 1236 1399 1259 non
1422 1230 1530 1259 tamen
1553 1225 1706 1259 volumus
1727 1237 1786 1271 per
1807 1229 1970 1271 temporis

103 1237 374 1322 rizffiitacionem
405 1286 525 1331 aliquid
558 1289 587 1319 in
619 1285 748 1332 plebani
779 1287 994 1332 preiudicium
1025 1290 1194 1332 generari.
1226 1286 1340 1320 Eciam
1372 1291 1406 1319 ut
1435 1287 1520 1320 idem
1543 1287 1734 1332 capellanus
1755 1287 1795 1320 de
1816 1292 1845 1320 et
1869 1298 1970 1333 super

99 1350 243 1395 propriis
281 1350 432 1394 pecuniis
469 1347 533 1380 duo
570 1350 801 1381 ninniven-saria
840 1348 978 1392 singulis
1014 1351 1108 1382 annis
1145 1348 1278 1393 x·igilias
1319 1351 1414 1381 trium
1453 1348 1638 1382 leccionum
1677 1359 1750 1382 cnm
1792 1351 1967 1382 missarum

99 1408 400 1455 sollempnitatibus
430 1408 560 1441 ordinet
591 1414 622 1441 et
655 1414 809 1454 procuret
841 1420 913 1442 cum
953 1412 1054 1443 certis
1088 1409 1341 1454 gravaminibus
1379 1409 1617 1455 infrascriptis:
1657 1412 1763 1455 primo
1799 1414 1831 1442 ut
1868 1421 1966 1443 uuum

100 1474 256 1517 procuret
287 1472 557 1503 anniversarium
589 1473 742 1515 proxima
774 1474 844 1515 post
876 1470 994 1504 festum
1024 1474 1129 1504 sancti
1160 1470 1312 1516 Procopii
1343 1474 1526 1516 septimana
1559 1471 1690 1509 vigilias
1720 1474 1815 1504 trium
1839 1471 1969 1504 leccio-

98 1542 174 1566 num
211 1536 241 1564 et
281 1534 312 1565 in
351 1534 498 1564 crastino
528 1534 703 1575 missarum
734 1531 931 1576 sollempnia
970 1531 1199 1577 sollempniter
1236 1537 1267 1564 ut
1299 1536 1513 1577 peragantur-
1552 1532 1591 1565 ad
1631 1536 1782 1576 quartum
1824 1531 1969 1565 officium

101 1592 298 1639 capellanus
327 1603 387 1626 seu
417 1592 564 1625 altarista
596 1597 664 1626 tres
704 1592 892 1637 procurabit
928 1603 1082 1630 grossos,
1122 1598 1190 1626 tres
1228 1605 1286 1639 pro
1326 1592 1506 1637 majoribus
1549 1593 1587 1626 ad
1631 1593 1742 1626 scolas
1784 1593 1970 1626 scolaribus

101 1652 317 1700 presentabit.
350 1652 391 1687 Et.
429 1652 549 1686 talibus
587 1652 742 1686 omnibus
780 1659 811 1686 ut
848 1652 1064 1698 prescribitur
1102 1653 1280 1687 celebratis
1320 1654 1405 1687 idem
1445 1654 1635 1700 capellanus
1671 1654 1790 1688 eodem
1828 1654 1880 1687 die
1910 1665 1971 1687 sex

105 1714 304 1761 pauperibus
334 1714 375 1747 de
404 1719 435 1748 et
465 1726 567 1760 super
598 1717 740 1760 propriis
771 1717 919 1760 pecuniis
950 1725 1047 1747 unum
1079 1715 1251 1760 prandium
1284 1714 1472 1761 procurabit
1503 1720 1533 1748 et
1565 1714 1694 1748 cuilibet
1727 1719 1865 1761 pauperi
1887 1715 1972 1761 apud

99 1774 198 1809 intem
230 1786 380 1809 mensam
410 1776 538 1809 sedenti
571 1787 668 1808 111111111
701 1787 868 1809 nummum
900 1779 928 1808 in
960 1775 1010 1808 dei
1041 1778 1175 1808 nomine
1197 1775 1405 1809 ministrabit.
1440 1775 1983 1810 Eisecundumaiiiiix·‹=r.e:·1·1=1111.

101 1847 164 1870 una
193 1847 266 1870 cum
297 1835 449 1870 omuibus
479 1837 711 1869 additamentis
741 1842 770 1869 et
802 1835 1065 1874 gravaminilnis,
1098 1841 1127 1868 ut
1152 1841 1200 1869 est
1223 1840 1378 1882 superius
1399 1842 1645 1882 expressatum.
1669 1838 1753 1870 idcni
1776 1837 1970 1882 capellanus

99 1902 130 1930 et
160 1908 278 1931 omnes
307 1901 356 1930 sui
386 1909 607 1931 successores
637 1909 696 1943 pro
727 1910 834 1931 1111111111
858 1897 1055 1942 Many-conis
1083 1900 1134 1942 pie
1157 1901 1318 1931 memorie
1345 1901 1446 1931 nostri
1468 1901 1631 1935 genitoris
1653 1909 1714 1931 uec
1737 1909 1799 1931 nou
1822 1901 1971 1931 omnium

99 1969 235 1992 suorum
266 1962 596 2004 consanqnineorom
629 1959 712 1992 infra
752 1963 890 1991 oetaxas
929 1959 1106 2003 epiphanie
1145 1958 1267 1992 domini
1306 1959 1584 2003 ‹pu-madmodum
1625 1962 1763 2004 primum
1805 1958 1970 1992 tenebitur

98 2018 296 2052 observare.
335 2018 474 2065 Insuper
514 2020 600 2065 qnod
641 2020 713 2054 talis
749 2020 888 2059 siugulis
927 2019 1108 2062 majoribus
1149 2020 1383 2053 festivitatibus
1420 2020 1610 2066 capellanus
1646 2020 1898 2066 suppelliciatus
1939 2023 1968 2052 in

100 2079 214 2113 baucis
243 2091 302 2113 seu
333 2080 437 2114 stallis
470 2082 521 2114 vel
553 2082 634 2114 alius
667 2092 726 2114 suo
766 2084 899 2114 nomine
935 2079 1101 2114 tenebitur
1140 2083 1314 2115 interesse.
1354 2086 1382 2113 et
1422 2084 1469 2114 sic
1506 2082 1646 2118 singulis
1685 2084 1778 2114 auius
1810 2085 1969 2126 perpetue

102 2139 270 2174 duraturis
301 2139 379 2175 1111111
411 2142 451 2174 111·
481 2145 699 2187 suprapositis
729 2141 946 2175 obtuittendo.
988 2140 1024 2174 Et
1058 2141 1143 2175 idem
1170 2144 1225 2185 jus
1255 2145 1413 2187 competit
1443 2147 1472 2174 et
1502 2154 1688 2185 graxameu
1720 2142 1884 2175 omuibus.
1916 2145 1969 2186 qut

101 2201 140 2234 ad
174 2201 203 2235 id
233 2201 386 2235 altarium
418 2213 476 2235 sen
506 2203 610 2236 altare
641 2206 821 2248 presentati
853 2202 971 2235 fuerint
1003 2203 1150 2246 legitime
1180 2208 1208 2234 et
1241 2203 1438 2236 confirmati.
1475 2203 1631 2236 Ceterum
1663 2203 1748 2247 ‹piod
1780 2203 1970 2247 sepedictus

98 2262 290 2309 capellanus
320 2267 348 2294 et
380 2267 428 2296 sui
460 2275 682 2297 successores
714 2268 784 2309 post
815 2268 937 2297 exitum
970 2267 1115 2296 nostrum
1147 2263 1187 2296 de
1217 2267 1327 2297 carnis
1357 2265 1528 2304 ergastulo
1557 2276 1614 2309 per
1636 2264 1756 2296 11111111111
1780 2269 1967 2296 nostrorum

98 2326 280 2357 amicorum
314 2324 425 2356 valeat
456 2328 642 2357 anunm-eri
676 2325 727 2357 wi
757 2324 1002 2369 qnmioulolilwt
1036 2324 1196 2369 impediri.
1230 2324 1369 2370 lusuper
1397 2330 1548 2370 optamus
1578 2330 1606 2356 et
1640 2325 1806 2357 bumiliter
1836 2325 1966 2370 suppli-

97 2395 224 2418 camus.
255 2388 285 2418 ut
312 2386 366 2428 jus
400 2390 594 2431 patronatus
624 2388 670 2419 sic
702 2389 804 2419 erecti
834 2386 946 2419 altaris
976 2389 1007 2418 et
1038 2397 1096 2430 per
1119 2397 1178 2419 nos
1200 2386 1299 2418 dotati
1323 2386 1416 2418 uobis
1437 2391 1466 2418 et
1491 2389 1613 2419 nostris
1636 2384 1815 2419 heredibus
1838 2397 1967 2419 necnon

100 2445 236 2480 domino
266 2445 366 2479 l'aulo
405 2446 548 2491 plebano
578 2447 724 2480 ecclesie
755 2450 784 2480 iu
815 2446 984 2479 Swratlia.
1017 2446 1080 2479 lilio
1115 2446 1263 2484 legitimo
1296 2446 1486 2480 thimonis
1515 2449 1665 2479 cononis
1696 2449 1725 2479 111
1756 2446 1968 2480 Mezirziecz.

100 2512 296 2541 reservetur
325 2512 353 2538 et
388 2519 418 2540 111
450 2519 547 2551 quem
577 2519 635 2541 seu
681 2511 711 2541 in
751 2519 834 2552 «pios
872 2510 1143 2540 consenserimus
1184 2519 1245 2540 111111
1288 2519 1361 2540 etim
1400 2510 1662 2553 priusnoiniuato
1697 2507 1831 2540 domino
1869 2507 1970 2540 l'anlo

104 2567 313 2601 uniformiter
344 2579 405 2601 una
439 2579 534 2600 xoce.
569 2568 601 2601 111
632 2580 725 2601 cuius
756 2572 802 2601 rei
832 2573 1053 2601 testimonium
1084 2573 1113 2600 et
1146 2569 1247 2602 robur
1281 2569 1426 2608 simitum
1449 2568 1574 2602 Nicolai
1598 2568 1789 2613 principalis
1812 2571 1973 2613 emptoris

103 2627 266 2662 bonorum
298 2633 646 2674 sn[traniuuuiatoriim
677 2634 705 2661 et
739 2618 893 2675 primitivi
924 2629 1105 2662 collatoris.
1139 2629 1267 2674 plebani
1299 2630 1443 2662 ecclesie
1475 2641 1503 2662 111
1536 2629 1734 2662 Memrziecz
1764 2634 1811 2662 est
1836 2640 1969 2674 appen-

99 2699 171 2722 sum
201 2693 231 2721 et
261 2687 304 2721 ob
336 2693 527 2722 curi-nciam
558 2689 656 2726 stultit
689 2689 806 2723 llriceu
836 2691 910 2723 dieti
946 2689 1059 2722 llalass
1089 2693 1308 2736 suprascripti
1339 2695 1587 2735 preuonunatus
1617 2690 1770 2723 dominus
1812 2689 1968 2722 Nicolaus

105 2749 297 2795 principalis
329 2754 459 2794 emptor
490 2753 828 2795 priusnommutorum
860 2762 920 2783 111111
951 2761 1023 2783 1·11111
1057 2749 1187 2783 Briccio
1217 2753 1404 2795 anteposito
1435 2751 1594 2783 collatore
1616 2751 1797 2783 eorundem
1822 2750 1964 2783 nobilem
