2347 3153
1029 200 1103 235 415

1017 427 1126 463 3⁷9.

133 512 379 547 Notari‘atsac!
409 513 493 547 uber
513 515 590 547 eine
612 513 916 558 Zeuyenaussaye.
938 513 1128 559 belreffeud
1148 516 1247 549 einen
1269 516 1342 549 dem
1366 515 1721 550 li'armauserhloster
1741 518 1773 549 iu
1798 516 2005 561 li'miiysseld

351 574 617 618 anyehoremlen
651 575 879 609 Grnmlbesitz
909 576 941 608 i'n
973 567 1177 611 Cernoeci'tz.
1211 576 1268 610 DI.
1309 575 1419 613 ll'ieu.
1453 588 1484 611 1.
1517 578 1652 620 Aaqas!
1685 576 1794 611 1405.

282 642 328 696 'n
356 665 492 696 nomine
521 663 645 696 domini
675 672 783 696 amen.
815 663 918 696 Anno
947 665 1129 697 nativitatis
1150 664 1300 707 ejusdem
1324 665 1498 698 millesimo
1520 665 1854 710 quadringentesimo
1875 668 2002 710 quintO.

133 723 323 758 indiccione
353 723 547 758 tredecima.
578 724 631 756 die
661 734 745 756 vero
775 726 912 756 venei-is
940 728 1080 769 septima
1111 728 1235 759 mensis
1273 725 1429 770 Augusti.
1468 725 1549 760 bora
1580 729 1685 772 prima
1723 726 1777 760 vel
1808 729 1901 772 quasi
1931 730 2005 772 post

136 784 322 820 meridiem.
352 783 564 830 pontificatus
594 787 796 818 sanctissimi
828 787 858 818 in
880 784 1014 817 Christo
1044 789 1146 831 patris
1176 790 1206 819 et
1237 787 1361 820 domini
1392 790 1495 821 nostri
1517 787 1641 821 domini
1664 787 1870 821 innocencii.
1894 787 2005 821 divina

134 844 353 892 providencia
384 856 470 892 pape
498 847 629 892 septimi
659 856 747 879 anno
778 847 897 891 primo,
927 848 959 879 in
990 849 1053 879 mei
1088 850 1207 880 notarii
1237 846 1358 893 publici
1389 851 1590 894 testiumque
1620 848 1886 894 subscriptorum
1923 859 2007 894 pre-

134 908 248 940 sencia
287 905 511 952 personaliter
547 908 745 940 constitutus
784 907 950 940 discretus
988 901 1041 941 'vir
1076 907 1230 942 dominus
1260 908 1427 943 Micbabel
1463 909 1570 943 dictus
1601 909 1734 943 Wiirl'el
1764 913 1848 943 civis
1878 909 2008 944 Wien-

135 969 262 1009 nensis,
293 967 407 1001 laicus.
439 966 647 1000 pataviensis
684 966 840 1001 diocesis.
878 967 979 1001 libera
1016 973 1136 1015 sponte
1165 981 1204 1002 ac
1234 981 1314 1015 pura
1345 973 1558 1004 consciencia
1589 971 1699 1004 medio
1729 982 1789 1004 suo
1813 972 2008 1015 juramento

136 1029 292 1070 asseruit,
317 1028 445 1072 Juravit
475 1039 514 1061 ac
543 1027 721 1061 consessus
751 1027 820 1062 fun.
856 1029 1024 1074 quomodo
1055 1029 1260 1064 interfuisset
1291 1031 1421 1064 cuidam
1452 1034 1637 1064 contractui
1669 1034 1748 1065 inito
1779 1035 1863 1066 inter
1894 1032 2008 1066 liono-

136 1087 274 1123 rabilem
303 1093 337 1123 et
365 1089 560 1133 religiosum
602 1092 708 1122 virum
749 1088 918 1123 dominum
949 1089 1107 1124 Geor-ium
1148 1093 1293 1136 priorem
1334 1095 1527 1125 monasterii
1568 1095 1598 1126 in
1629 1092 1850 1138 t'liunigsl'eld
1881 1092 2008 1127 ordinis

136 1148 362 1184 cartusiensis
392 1149 627 1184 Olomucensis
665 1151 809 1184 diocesis
840 1162 883 1185 ex
920 1162 996 1185 una.
1035 1162 1074 1184 ac
1113 1151 1293 1186 discretum
1334 1155 1441 1186 virum
1472 1152 1659 1186 Jobaunem
1700 1153 1740 1187 dc
1771 1152 1921 1187 Cremsir
1958 1157 2011 1199 pie

137 1213 300 1245 memorie
338 1213 449 1245 civem
480 1210 725 1245 Brunnensem.
766 1212 884 1245 laicum
922 1211 1010 1245 dicte
1040 1211 1276 1246 olomucensis
1307 1213 1452 1247 diocesis
1482 1218 1575 1259 parte
1606 1225 1649 1247 ex
1679 1214 1795 1248 altera.
1827 1218 2009 1248 occasione

137 1273 322 1318 empcionis
350 1271 522 1316 cujusdam
554 1272 652 1306 medii
692 1272 780 1306 l'eodi
811 1276 862 1306 siti
903 1276 932 1306 in
964 1273 1040 1306 vitta
1080 1273 1165 1307 dicta
1196 1273 1417 1307 Seliirnebicz
1455 1285 1560 1320 prope
1590 1273 1770 1309 Brunnam.
1802 1280 2009 1321 spectantem

136 1331 178 1366 nd
207 1332 388 1367 dominium
418 1337 448 1366 et
481 1336 721 1379 proprietatem
753 1334 829 1367 ‹ticti
860 1337 1053 1368 monasterii
1084 1337 1114 1368 in
1141 1334 1359 1379 Cliunigsl'cld
1390 1348 1431 1368 eo
1461 1340 1571 1381 pacto,
1601 1337 1800 1370 condicione
1829 1348 1869 1370 ac
1900 1337 2009 1370 moilo.

138 1397 173 1427 ut
201 1393 309 1428 dictus
338 1392 492 1428 dominus
521 1393 666 1427 Georias
696 1397 787 1440 prior
826 1398 1018 1428 monasterii
1050 1398 1082 1429 in
1112 1394 1347 1439 Cliunigsl'eld.
1377 1401 1582 1441 permitteret
1615 1400 1720 1443 ipsum
1750 1397 1938 1431 Joliannein
1970 1397 2011 1431 de

139 1453 291 1490 Cremsii·
327 1453 512 1501 predictum
552 1454 726 1501 pacificam
766 1460 797 1488 et
836 1458 983 1500 quietum
1023 1455 1064 1489 ab
1102 1459 1191 1490 omni
1229 1455 1470 1490 inuh-stacione
1509 1457 1598 1491 feodi
1640 1458 1738 1492 medii
1770 1459 1920 1504 predicti.
1952 1470 2013 1505 pei·

139 1517 259 1561 ipsum,
289 1519 322 1549 ut
349 1518 560 1562 premittitur.
592 1519 706 1561 empti.
746 1521 810 1549 tam
849 1519 879 1549 in
919 1517 1139 1562 adeptae-ione
1169 1521 1393 1563 possessionis
1423 1518 1562 1564 pacilice
1592 1522 1705 1564 ipsius.
1737 1531 1834 1565 quam
1867 1523 1896 1554 in
1928 1531 2012 1566 per-

137 1578 302 1622 cepcione
332 1575 511 1618 fructuum,
547 1581 784 1623 proventuum.
816 1578 940 1620 jurium
972 1582 1001 1609 et
1032 1577 1280 1612 obventionum
1315 1579 1466 1623 ejusdem
1497 1579 1537 1613 ad
1569 1584 1699 1626 tempus
1729 1586 1759 1614 et
1791 1592 1850 1627 per
1881 1586 2010 1627 tempus

138 1639 210 1671 vae
238 1639 342 1683 ipsius
369 1639 456 1671 civis
474 1636 638 1671 johannis
667 1637 708 1670 de
729 1637 880 1671 Cremsir
909 1639 1059 1684 predicti.
1093 1639 1232 1685 Propter
1261 1651 1325 1685 que
1354 1644 1464 1674 omnia
1495 1645 1526 1674 et
1555 1642 1685 1685 singula
1711 1642 1817 1676 dictus
1837 1642 2012 1677 Jobannes

139 1697 182 1732 de
209 1697 360 1732 Cremsir
389 1702 531 1744 protunc
560 1709 643 1744 pure
672 1703 703 1731 et
735 1698 839 1732 libere
869 1702 941 1733 sine
970 1703 1058 1733 omni
1090 1704 1299 1746 excepcione
1323 1702 1411 1745 juris
1441 1702 1494 1736 vel
1526 1702 1602 1736 sacti
1634 1702 1764 1748 publice
1790 1703 1950 1749 disposuit
1972 1717 2011 1737 ae

139 1761 172 1794 in
201 1762 334 1805 pactum
363 1770 530 1806 expresse
559 1759 708 1794 deduxit.
738 1760 824 1805 quod
856 1761 976 1793 dictum
1009 1761 1152 1794 inedium
1184 1761 1316 1795 feodum
1348 1765 1378 1795 in
1415 1762 1492 1796 villa
1524 1762 1744 1797 Schirnebicz
1784 1769 1856 1810 post
1886 1764 2010 1799 obitum

139 1830 236 1855 suum
266 1818 371 1854 libere
399 1831 439 1854 ac
467 1823 540 1854 sine
569 1824 658 1854 omni
689 1822 926 1867 impedimento
956 1822 1092 1855 cederet
1123 1834 1161 1855 ac
1192 1826 1347 1856 transiret
1370 1827 1399 1857 in
1422 1835 1500 1857 usus
1522 1828 1714 1858 monasterii
1737 1828 1767 1859 in
1789 1826 2010 1870 sliunigsl'eld

141 1880 281 1927 predicti
311 1883 342 1915 in
380 1886 414 1914 et
451 1880 494 1915 ob
530 1882 713 1915 remedium
753 1894 792 1915 ac
829 1883 969 1916 salutem
1009 1886 1110 1928 ipsius
1147 1888 1177 1916 et
1217 1895 1351 1917 snorum
1390 1886 1694 1930 predecessorum:
1738 1886 1898 1933 deinceps
1929 1899 2011 1921 vero

139 1944 322 1977 occasione
359 1941 549 1986 hujusmodi
587 1943 823 1989 disposicionis
861 1955 900 1975 ac
939 1944 1164 1978 ordinacionis
1193 1945 1299 1978 ‹la-tus
1329 1945 1482 1979 dominus
1513 1946 1658 1980 Georius
1696 1951 1787 1992 prior
1817 1951 2010 1982 monasterii

140 2005 172 2037 in
200 2000 423 2047 chunigsteld
454 2013 529 2037 eum
558 2007 704 2049 quietam
736 2007 766 2037 in
796 2004 884 2037 dicto
915 2004 1023 2037 ini-dio
1054 2004 1152 2038 feodo
1183 2008 1344 2050 permisit.
1376 2006 1497 2040 dietam
1528 2007 1779 2041 ordinacionem
1810 2012 1924 2053 gracia
1963 2013 2012 2043 sui

141 2065 334 2098 monasterii
364 2067 428 2098 tam
459 2063 626 2098 humiliter
655 2076 752 2110 qnam
783 2065 907 2099 devote
936 2066 1153 2111 acceptando.
1186 2067 1297 2112 Super
1325 2067 1443 2112 quibus
1473 2067 1626 2102 omnibns
1656 2074 1687 2101 et
1717 2069 1857 2113 singulis
1878 2070 2011 2114 quidum

141 2123 308 2159 discretus
342 2126 395 2158 vir
423 2123 557 2159 Marcus
595 2125 702 2159 dictus
734 2125 954 2159 Batti-uenter
993 2131 1133 2171 protunc
1164 2131 1293 2172 tempus
1323 2132 1457 2162 nomine
1487 2129 1563 2162 dicti
1593 2129 1716 2163 domini
1747 2130 1860 2163 (ii-orii
1892 2133 2013 2176 prioris

142 2187 336 2219 monosterii
367 2187 398 2219 in
428 2185 647 2230 Chunigsl'eld
678 2190 775 2232 peciit
817 2187 924 2219 eidem
957 2190 1057 2231 priori
1087 2198 1216 2233 suoque
1246 2193 1452 2222 monasterio
1482 2201 1542 2235 pei·
1571 2202 1623 2223 ine
1653 2194 1815 2224 notarium
1847 2191 2011 2237 publicum

141 2243 364 2292 subscriptum
395 2256 495 2281 unum
527 2246 580 2280 vel
611 2247 702 2293 plara
735 2247 900 2293 publicum
931 2258 989 2280 sen
1022 2247 1152 2292 publica
1175 2249 1293 2282 conlici
1316 2252 1546 2284 instrumenta.
1579 2253 1664 2285 Acta
1686 2256 1759 2285 sunt
1783 2252 1844 2285 lii-c
1866 2252 2013 2287 lVienne

142 2303 351 2340 Pataviensis
380 2306 525 2340 diocesis
555 2310 585 2340 in
616 2306 716 2341 domo
747 2308 926 2341 reverendi
958 2311 1059 2353 patris
1089 2309 1211 2342 domini
1246 2312 1395 2356 episcopi
1428 2310 1648 2346 brumensis.
1680 2315 1709 2346 iii
1741 2313 1880 2358 pallacii)
1911 2326 2010 2348 com—

142 2367 231 2400 muni
273 2365 392 2401 domus
434 2367 598 2411 ejusdem.
635 2379 735 2403 annii.
780 2368 978 2402 indiccione.
1023 2369 1086 2402 ilie.
1132 2381 1258 2404 mense.
1304 2370 1384 2405 liora
1429 2376 1460 2404 et
1503 2372 1692 2417 pontificata
1736 2373 1854 2418 quibus
1896 2386 2007 2420 supra.

141 2427 354 2474 presentibus
392 2427 511 2462 ibidem
547 2429 701 2463 discretis
741 2432 821 2463 viris
860 2430 1002 2463 dominis
1034 2429 1145 2462 t'lrico
1185 2430 1326 2476 plebano
1363 2432 1584 2478 parrochialis
1621 2434 1766 2467 ecclesie
1804 2438 1834 2468 in
1867 2434 2009 2471 Weitra.

141 2486 297 2523 Johanne
327 2487 548 2535 Pratscbopli,
571 2489 713 2523 Mai-tino
736 2489 872 2524 l'laczer
903 2490 1103 2537 presbytero
1134 2497 1164 2523 et
1196 2492 1286 2526 laicis
1310 2492 1517 2527 l’ataviensis
1547 2499 1577 2526 et
1600 2495 1835 2529 ‹nonium-usis
1866 2496 2010 2530 diocesis

90 2579 93 2584 .
142 2547 283 2583 testibus
311 2549 351 2583 ad
382 2553 544 2596 premissa
576 2554 705 2584 vocans
734 2552 928 2597 specialiter
957 2557 988 2583 et
1019 2556 1155 2593 rogatis.

302 2617 341 2653 Et
376 2631 443 2663 ego
481 2618 624 2654 »inthius
663 2619 920 2663 Regelscboner
959 2622 999 2655 de
1040 2622 1202 2656 llerriden
1242 2623 1385 2656 clericas
1425 2623 1635 2669 Hystetensis
1673 2625 1818 2659 diocesis
1859 2627 2010 2672 publicus

144 2679 307 2725 imperiali
336 2683 535 2713 auctoritate
565 2684 726 2722 notarius,
756 2685 831 2727 qnia
862 2683 1000 2728 predicti
1026 2685 1208 2726 juramenti
1240 2688 1439 2729 prestacioni
1471 2685 1675 2719 confessioni
1697 2687 1918 2732 ‹nunilmsqiie
1939 2688 2011 2721 aliis
