2347 3153
1175 192 1249 226 542

276 299 442 332 volentes.
486 299 693 343 singulisque
737 308 851 331 eorum
891 296 1124 330 devolutiones
1161 308 1280 331 omnes
1327 301 1588 332 morticiniorum
1632 298 1714 332 alias
1758 309 1818 344 per
1860 303 2003 333 mortem
2046 298 2142 334 nobis

277 358 415 393 debitas.
452 359 492 393 de
522 354 599 403 juro
638 358 817 392 heredibus
856 362 887 391 et
921 357 1176 391 successoribus
1212 361 1335 392 nostris
1371 359 1580 402 ordinamus,
1620 359 1838 394 concedimus
1869 364 1901 393 et
1929 359 2142 404 indulgemus

275 423 424 466 gratiose
454 423 483 453 in
514 422 669 466 praesenti
699 424 728 453 el
759 422 790 452 in
820 418 941 461 futur0‚
980 422 1012 451 ut
1047 421 1108 464 ipsi
1145 423 1175 452 et
1212 418 1346 464 quilibet
1384 422 1532 465 ipsorum
1579 419 1684 453 libere
1714 424 1748 453 et
1777 422 1850 454 sine
1880 423 1970 454 omni
1999 424 2142 454 contra-

277 482 421 515 dictione
464 485 575 515 nostra
615 483 724 514 omnia
767 480 852 514 bona
895 483 1042 525 ipsorum
1086 484 1226 525 possunt
1266 480 1395 525 legare,
1435 480 1516 513 dare
1559 484 1591 513 et
1629 480 1756 514 donare
1795 483 1827 514 in
1857 481 1997 515 articulo
2027 483 2144 516 mortis

276 545 535 586 consanguineis
565 544 725 587 ipsorum,
756 541 810 574 tali
834 542 912 584 jur(=
942 545 971 574 el
1002 540 1260 581 consuetudine,
1290 546 1388 586 prout
1416 544 1446 574 in
1477 540 1667 575 civitatibus
1697 540 1952 575 marchionatus
1979 541 2144 575 Moraviae

277 609 474 638 consuetum
505 608 535 637 et
565 607 697 646 totiens,
728 606 947 648 quotiensque
986 605 1084 635 etiam
1114 601 1327 647 indulgemus
1363 605 1486 636 nostris
1525 602 1721 648 oppidaneis
1760 607 1792 635 et
1828 605 1887 636 toti
1916 605 2145 637 communitati

278 668 309 698 in
338 665 475 698 Divdicz
505 664 612 697 forum
642 667 672 697 in
703 663 888 697 ebdomada
916 663 1057 697 liberum
1097 663 1220 696 faciant
1249 667 1280 696 et
1318 662 1473 706 Ιιιιίηκιηῐτ
1504 663 1668 697 videlicet
1704 662 1787 697 feria
1825 663 1973 697 secunda
2002 663 2144 708 singulis

278 726 482 759 ebdomadis.
513 728 598 759 sicut
627 724 667 758 ab
697 727 831 770 antiquo
861 724 1069 765 habueruntg
1099 727 1148 757 sic
1177 724 1265 769 quod
1296 727 1471 758 venientes
1501 724 1540 757 ad
1572 723 1680 758 forum
1711 724 1884 769 gaudeant
1904 724 1959 758 tali
1980 723 2146 767 libertate,

277 790 359 821 sicut
381 790 411 820 in
433 786 504 819 aliis
525 789 775 820 circumvicinis
796 785 925 832 oppidis
947 790 997 819 esi,
1017 789 1227 819 consuetum.
1259 785 1294 818 ln
1315 795 1455 830 quorum
1477 787 1624 818 omnium
1648 788 1873 819 testimonium
1897 790 1929 819 et
1949 788 2146 819 memoriam

277 851 513 893 sempiternam
552 852 683 881 nostras
722 847 781 880 lias
815 847 929 880 literas
968 849 1048 892 ipsis
1085 846 1200 880 damus
1239 843 1427 890 sigillorum
1472 850 1664 880 nostrorum
1705 849 1914 891 appensione
1956 844 2145 881 roboratas.

277 910 396 942 Datum
436 913 466 942 et
502 913 609 942 actum
650 908 786 942 Diediez
825 919 911 941 anno
950 907 1073 941 domini
1109 907 1286 941 millesimo
1324 908 1563 940 trecentesimo
1603 909 1855 952 septuagesimo
1893 906 2054 949 secundo,
2094 906 2148 941 die

278 970 449 1003 beatorum
480 969 569 1003 Petri
600 974 629 1003 et
660 969 749 1003 Pauli
779 969 1018 1015 apostolorum.

591 1049 724 1081 (Inserirt
748 1049 774 1073 in
800 1049 849 1074 der
876 1048 1012 1073 Urkumle
1037 1048 1085 1075 ΝΥ,
1112 1049 1169 1073 4-11
1198 1048 1291 1073 dieses
1317 1047 1451 1082 Bundos.)
