2347 3153
1300 219 1370 254 t7s

395 338 477 372 quas
512 326 724 360 reverendus
754 331 849 372 pater
878 326 1030 359 dominus
1059 324 1206 358 „lacobus
1236 327 1415 369 episcopas
1443 323 1681 367 Aquilanensis
1711 325 1799 356 sacri
1828 322 1944 368 palacii
1975 323 2149 368 apostolici
2178 333 2264 356 cau-

397 399 507 421 sarum
538 388 671 420 auditor
699 386 851 421 audiebat
883 391 911 419 et
943 386 1058 419 audire
1088 384 1228 418 debebat
1260 389 1324 418 tam
1356 395 1416 430 per
1445 383 1611 429 speciales
1641 394 1739 428 quam
1769 386 1875 417 eciam
1900 383 2080 428 generales
2101 385 2267 417 commis—

397 452 510 482 siones
541 453 678 495 propter
707 448 898 481 absenciam
928 447 1112 491 aliquorum
1139 446 1348 479 dominorum
1370 444 1431 477 sibi
1454 447 1653 478 commissas
1673 449 1813 489 propter
1834 444 1984 478 eiusdem
2005 443 2129 478 domini
2148 443 2266 478 Jacobi

393 513 545 555 episcopi
575 514 604 542 et
635 510 796 542 auditoris
825 509 1015 541 absenciam
1047 518 1152 552 usque
1181 507 1219 539 ad
1251 508 1323 538 eius
1354 508 1589 539 reversionem
1611 508 1664 538 uni
1686 516 1729 538 cx
1750 504 2000 539 venerabilibus
2023 507 2103 538 viris
2123 504 2265 539 dominis

394 573 480 603 sacri
511 570 629 615 palacii
660 569 830 615 apostotici
862 578 1037 601 causarum
1069 567 1209 600 auditori
1239 569 1452 599 committere
1483 566 1703 599 resumendas
1733 568 1763 599 in
1794 576 1835 599 eo
1865 570 1964 601 statu.
1994 568 2026 599 in
2056 576 2121 611 quo
2149 565 2263 600 ultimo

392 642 504 664 coram
537 631 654 663 eodem
687 630 820 663 domino
850 631 1010 674 episcopo
1041 633 1072 661 et
1103 627 1255 661 auditore
1287 631 1534 669 remanserant,
1564 637 1697 660 necnon
1726 626 1866 660 ulterius
1897 626 2094 667 audiendas,
2128 637 2265 672 cogno-

392 692 535 725 scendas
557 696 587 725 et
610 692 672 724 tiae
694 690 804 723 debito
827 689 1052 723 terminandas
1074 700 1147 722 cnm
1170 687 1323 722 omnihus
1344 691 1375 720 et
1399 687 1542 731 singulis
1563 690 1789 731 emergeneiis
1810 687 2005 721 incidenciis
2025 687 2264 733 dependenciis

392 758 421 786 et
445 756 619 786 connexis.
642 763 714 785 cnm
736 755 901 797 potestate
923 761 1091 796 expensas
1112 749 1248 783 taxandi
1269 751 1300 782 in
1322 751 1445 782 causis.
1464 751 1493 781 in
1517 747 1634 792 quibus
1654 759 1714 793 per
1735 748 1857 781 dictum
1878 748 2046 781 dominum
2068 750 2260 794 episcopum

392 819 420 846 et
455 814 638 846 auditorem
670 817 745 846 sunt
774 812 839 845 late
868 814 1040 845 sentencie
1070 815 1102 844 et
1131 810 1318 843 huiusmodi
1340 812 1535 843 sentencias
1557 820 1600 842 ex
1630 811 1713 842 actis
1734 819 1909 842 causarum
1931 808 2119 842 huiusmodi
2139 813 2262 843 extra-

397 874 493 907 hendi
517 879 544 907 et
570 873 701 907 extrahi
723 873 910 906 mamlandi.
933 872 1046 906 literas
1068 874 1258 905 sentencias
1280 875 1312 904 et
1333 874 1565 909 instrunwnta,
1597 881 1657 915 per
1680 873 1784 915 ipsum
1807 869 1974 903 dominum
1995 869 2157 903 Jacohum
2179 869 2262 904 latas
2309 896 2314 901 .

393 941 421 967 et
454 935 620 968 decretas.
651 934 816 975 sigillandi
847 945 885 966 ae
915 936 1024 966 omnia
1055 937 1087 965 et
1117 932 1245 977 singula
1276 931 1433 966 faciendi.
1465 942 1528 976 que
1559 931 1644 964 idem
1676 931 1828 964 dominus
1855 930 2002 964 Jacobus
2031 933 2209 977 episcopus
2230 934 2263 964 et.
2309 936 2312 939 “

390 996 519 1029 auditor
549 999 579 1028 in
610 995 796 1028 huiusmodi
827 1005 927 1027 causa
958 993 1087 1027 faceret.
1116 997 1146 1025 ct
1178 992 1292 1026 i'accrc
1321 997 1446 1038 posset.
1468 995 1494 1025 si
1525 992 1748 1037 personaliter
1777 995 1957 1025 interesset¹
1985 995 2017 1025 et
2045 991 2131 1036 quod
2162 991 2260 1025 iidem

392 1060 522 1090 notarii.
561 1059 614 1101 qui
654 1059 684 1089 in
722 1056 817 1089 dictis
853 1058 962 1088 causis
1000 1065 1113 1087 coram
1149 1054 1268 1087 eodem
1299 1054 1433 1086 domino
1463 1053 1592 1087 Jacobo
1623 1056 1782 1098 episcopo
1812 1058 1842 1086 et
1873 1053 2025 1086 auditore
2053 1055 2262 1098 scripserunt

390 1122 419 1149 et
462 1117 500 1150 ad
541 1116 754 1150 scribendum
791 1116 936 1161 deputati
977 1115 1121 1148 suerunt.
1161 1114 1299 1147 ulterius
1337 1114 1483 1147 scribant
1524 1119 1554 1147 et
1586 1117 1780 1162 continuent
1808 1116 1839 1147 in
1870 1113 1996 1148 eisdem
2025 1113 2100 1147 stilo
2129 1113 2260 1159 palacii,

391 1177 688 1211 constitucioniluis
727 1178 920 1223 apostolicis
958 1181 987 1209 et
1028 1176 1099 1209 aliis
1138 1179 1169 1208 in
1208 1178 1415 1208 contrarium
1455 1174 1552 1208 editis
1582 1186 1647 1208 non
1677 1173 1885 1208 obstantibus
1914 1173 2175 1219 quibuscunque.
2224 1173 2261 1208 In

390 1239 454 1272 tine
492 1250 575 1272 vero
615 1238 701 1271 dicte
737 1240 983 1271 commissionis
1022 1240 1096 1270 sive
1136 1236 1395 1281 supplicacioiiis
1434 1236 1552 1269 ccdule
1591 1239 1714 1282 scripta
1753 1240 1846 1269 erant
1892 1235 1933 1269 de
1969 1235 2104 1269 alterins
2143 1245 2260 1268 manns

390 1301 483 1333 litera
528 1302 693 1345 superiori
736 1299 830 1332 litere
874 1301 975 1343 ipsius
1018 1298 1135 1331 cedule
1173 1299 1304 1343 penitus
1339 1301 1371 1329 et¹
1410 1300 1546 1330 omnino
1585 1296 1734 1330 dissimili
1773 1301 1803 1330 et
1834 1297 1981 1336 diversa,
2010 1295 2168 1330 videlicet
2197 1295 2260 1329 hec

390 1360 512 1394 verba:
563 1361 613 1394 De
650 1360 805 1394 mandato
845 1360 968 1392 domini
1007 1362 1111 1392 nostri
1142 1369 1226 1404 pape
1255 1358 1367 1391 audiat
1404 1358 1614 1403 supradictas
1653 1368 1772 1391 causas
1810 1368 1916 1403 usqne
1945 1357 1984 1391 ad
2015 1360 2088 1391 eius
2116 1357 2258 1391 reditum

391 1422 544 1455 dominus
574 1423 741 1455 Antonius
771 1420 1003 1454 Sihinicensis.
1035 1422 1125 1453 citet.
1156 1430 1325 1465 expensas
1355 1423 1458 1456 taxet,
1489 1418 1606 1452 literas
1636 1418 1795 1452 decernat
1825 1423 1857 1452 et
1886 1417 2117 1452 decernendas
2137 1417 2261 1463 sigillet

389 1487 419 1516 et
450 1483 588 1527 sigillari
620 1482 763 1516 mandet.
794 1484 984 1515 sentencias
1015 1485 1044 1513 et
1076 1484 1294 1514 instrumenta
1325 1480 1457 1513 extrahi
1488 1485 1519 1513 et
1550 1483 1580 1513 in
1610 1479 1774 1526 publicam
1816 1479 1956 1513 sormam
1988 1479 2096 1525 redigi
2126 1479 2259 1513 mandet

388 1549 417 1576 et
449 1547 559 1577 onmia
591 1548 620 1576 et
652 1543 780 1587 singula
813 1543 921 1575 t'aciat.
952 1554 1015 1587 que
1047 1542 1164 1574 luerint
1197 1544 1390 1574 necessaria
1420 1546 1449 1575 et
1481 1545 1586 1575 eciam
1616 1545 1802 1587 opportuna
1837 1545 1869 1574 ct
1888 1541 2061 1586 procedat,
2082 1544 2116 1574 ut
2135 1543 2258 1586 petitur

389 1610 418 1637 et
454 1607 623 1649 justiciarii
664 1605 774 1638 saciat.
811 1603 1048 1647 Cuiasquidem
1086 1605 1331 1636 coimnissionis
1372 1605 1492 1647 vigore
1530 1613 1630 1636 causa
1667 1606 1699 1635 et
1737 1604 1846 1635 causis
1884 1601 2071 1636 huiusmodi
2107 1611 2169 1647 pcr
2196 1612 2258 1636 nos

390 1666 501 1699 debito
533 1666 631 1699 modo
662 1667 840 1710 resumptis
870 1669 899 1697 et
931 1667 1084 1709 proxime
1115 1663 1201 1696 dicto
1233 1666 1374 1696 termino
1396 1663 1599 1697 adveniente
1621 1665 1806 1708 comparuit
1827 1663 2000 1706 injudicio
2021 1672 2135 1696 coram
2160 1661 2256 1696 nobis

388 1730 550 1764 magistet·
581 1726 780 1760 Wilhclmus
818 1725 896 1767 Leo,
936 1729 1134 1770 procurator
1169 1724 1319 1769 prefatus
1359 1728 1493 1758 nominc
1533 1727 1766 1769 procuratorio
1805 1735 1870 1768 quo
1907 1734 2006 1769 supra
2044 1727 2078 1757 et
2105 1725 2256 1768 magistri

388 1787 550 1821 iohannis
581 1788 621 1820 de
652 1788 826 1820 Scrivanis
856 1798 898 1819 cx
920 1786 1066 1819 adverso
1097 1789 1329 1830 procuratorio
1361 1797 1425 1819 non
1458 1788 1697 1831 comparentis.
1729 1796 1836 1830 ncquc
1865 1784 1994 1829 aliquos
2015 1787 2205 1830 posiciones
2225 1788 2257 1818 et

388 1849 548 1881 articulos
579 1852 608 1882 in
640 1848 826 1881 huiusmodi
865 1858 965 1881 cansa
1005 1847 1084 1879 dare
1121 1851 1172 1878 aut
1214 1846 1284 1879 dari
1326 1846 1441 1879 videre
1473 1849 1631 1881 curantiS.
1661 1848 1904 1879 contumaciam
1934 1847 2118 1888 accusavit,
2148 1847 2254 1891 ipsum

387 1914 620 1942 contumacem
654 1911 797 1954 reputari
828 1908 971 1954 petendo
1001 1912 1029 1939 et
1063 1910 1092 1940 in
1124 1910 1195 1939 eius
1225 1910 1469 1940 contumaciam
1501 1907 1678 1941 nonnullos
1707 1909 1898 1952 posiciones
1923 1911 1954 1940 et
1976 1906 2134 1940 articulos
2154 1908 2258 1952 partis

386 1981 446 2002 sue
478 1971 565 2003 l'acto
596 1975 624 2002 et
658 1970 793 2003 realiter
822 1968 968 2002 exhibuit
1001 1973 1100 2013 atque
1132 1968 1230 2000 dedit.
1283 1967 1350 2001 Nos
1387 1968 1507 2001 dietum
1547 1971 1741 2009 'nagistrum
1780 1967 1967 2001 Jobannem
1998 1967 2038 2001 de
2069 1967 2256 2010 Scrivanis‚

387 2042 451 2075 quo
483 2042 582 2076 supra
614 2034 757 2064 nomine.
790 2042 853 2063 non
885 2033 1134 2075 comparentem
1167 2040 1275 2072 neque
1306 2032 1452 2074 presenti
1486 2032 1627 2062 termino
1658 2031 1689 2062 in
1719 2029 1829 2073 aliquo
1859 2027 2056 2062 satisfacere
2083 2032 2254 2062 curantem

388 2096 627 2137 reputavimus.
659 2097 752 2137 prout
784 2096 865 2124 erat.
897 2102 962 2135 quo
992 2090 1030 2123 ad
1063 2094 1170 2122 actum
1202 2089 1390 2122 huiusmodi
1421 2095 1651 2123 contumacem
1674 2092 1756 2122 etin
1779 2092 1849 2122 eius
1870 2092 2112 2122 contumaciam
2134 2088 2253 2123 eodem

390 2156 550 2188 mauis-tro
573 2153 756 2185 Wilhelmo
779 2153 845 2185 Leo
868 2154 1075 2197 procuratori
1098 2150 1183 2189 (sic.)
1206 2153 1347 2183 instante
1369 2155 1397 2182 et
1423 2156 1568 2195 petente.
1592 2155 1785 2188 thamsa-um
1808 2150 1995 2184 Johannem
2018 2150 2059 2183 de
2080 2149 2255 2184 Scrivanis

389 2213 573 2257 predictum
604 2214 642 2246 ad
674 2214 848 2246 dici-iulum
881 2217 910 2244 et
943 2211 1189 2258 opponemlum.
1220 2212 1375 2255 ‹piieqnid
1407 2212 1520 2244 dicere
1550 2223 1608 2244 sen
1639 2222 1810 2256 opponere
1842 2211 1985 2244 voluerit
2013 2215 2129 2245 contra
2168 2221 2253 2257 prc-

387 2279 491 2306 tacto<
523 2275 692 2308 articulos.
733 2278 762 2307 in
803 2278 958 2318 (plantum
998 2272 1128 2306 articuli
1169 2276 1197 2304 et
1239 2272 1276 2304 ad
1319 2273 1588 2316 respondemliun
1628 2272 1753 2305 eisdem
1795 2272 2012 2313 singulariter
2049 2271 2189 2317 singulis
2221 2273 2252 2305 in

386 2341 541 2379 «plantum
584 2338 774 2381 posu-iones
818 2334 1004 2367 existebant
1046 2338 1075 2366 et
1120 2332 1355 2366 censebamur.
1396 2335 1488 2365 citari
1531 2334 1670 2366 t‘eeimus
1709 2338 1739 2365 et
1784 2333 2018 2367 mandavimus
2055 2332 2094 2366 ad
2125 2337 2251 2366 certum

387 2402 562 2430 ternunum
593 2401 850 2441 competenti-ni.
883 2398 955 2436 Quo
985 2395 1188 2428 adveniente
1219 2396 1359 2426 termino
1390 2398 1417 2425 et
1453 2397 1480 2426 in
1513 2394 1629 2426 eadem
1666 2405 1724 2438 per
1763 2397 1957 2433 mag-istrum
1995 2392 2180 2427 Jotmnnem
2211 2393 2252 2427 de

386 2458 561 2490 Sei-iratus
591 2462 843 2502 procuratorem
875 2457 1051 2501 prefatum.
1083 2467 1147 2499 quo
1178 2466 1276 2500 supra
1301 2458 1445 2497 nomine,
1480 2455 1643 2487 nonnuliis
1664 2454 1926 2499 excepi-ionibus
1947 2459 2062 2488 contra
2083 2459 2253 2500 prctactos

386 2519 542 2550 arta-utos
572 2519 656 2551 datis
686 2523 714 2549 et
748 2518 928 2563 productis.
960 2528 1020 2549 nos
1052 2519 1156 2561 ipsunt
1179 2516 1218 2548 ad
1242 2515 1492 2560 producendum
1516 2520 1543 2546 et
1576 2515 1712 2560 produci
1736 2515 1914 2548 videndum
1936 2517 2045 2548 omnia
2067 2519 2100 2548 ct.
2118 2515 2252 2560 singula

381 2581 454 2619 iura
488 2582 705 2613 instrumenta
737 2584 764 2610 et
799 2581 1013 2611 munimenta.
1045 2577 1164 2621 ‹piihus
1193 2589 1229 2610 se
1260 2579 1289 2609 in
1322 2576 1508 2609 huiusmodi
1540 2587 1639 2608 eausa
1666 2577 1789 2618 jiivare
1830 2574 1964 2608 votebat.
2001 2579 2056 2608 aut
2085 2577 2180 2611 tucri.
2211 2574 2250 2609 ad

385 2645 509 2672 eertum
543 2643 716 2673 terminum
750 2641 1009 2684 peremptorium
1040 2643 1068 2670 et
1101 2649 1286 2676 eonggrtuun
1317 2639 1410 2669 citari
1445 2636 1584 2669 i'ecimus
1614 2640 1641 2667 et
1676 2636 1907 2668 inamhivimus
1937 2634 2146 2680 einidemqne
2176 2640 2250 2670 ter—

389 2712 508 2733 minum
541 2705 567 2731 et
601 2701 638 2733 ad
672 2702 755 2733 idem
788 2712 846 2745 pro
886 2703 1046 2739 {nagistro
1086 2699 1267 2731 tt'ittwtmo
1309 2697 1373 2730 Leo
1413 2699 1631 2742 procuratori.
1663 2708 1728 2740 quo
1762 2707 1860 2741 snpra
1899 2698 2043 2730 nomine.
2081 2695 2109 2729 id
2140 2694 2250 2732 debito
