2347 3153
1295 195 1368 230 320

1281 326 1390 362 308.

400 407 473 440 Dei·
507 407 679 440 olnmtz-er
709 405 860 450 Bz'seltof
885 405 1000 438 λιιι-011
1020 417 1082 438 eon
1099 406 1210 438 armirt
1230 405 1291 438 der
1314 405 1442 438 Isirelee
1463 407 1497 438 in
1518 405 1660 450 lllnqlitz
1681 407 1744 439 das
1760 405 1980 451 Prieileyium
2001 407 2061 441 des
2083 406 2266 452 Bisckofes

764 467 882 500 Brimo
915 478 985 509 rem
1015 466 1126 499 ¹lubre
1157 465 1267 500 1275.
1299 466 1357 500 Dt.
1392 466 1536 504 Olnzutz,
1570 466 1627 500 17.
1659 467 1760 500 Mars
1791 467 1902 504 1404.

555 526 710 580 [Aaczlzo
741 546 792 579 dei
823 550 853 578 et
884 545 1067 591 apostolice
1097 545 1186 579 sedis
1215 547 1330 590 gracia
1361 548 1540 592 episcopus
1563 545 1798 579 Olomucensis
1826 549 1995 580 universis
2025 545 2147 580 Christi
2176 545 2266 581 fide-

400 608 482 642 libus
512 612 687 654 presentes
718 607 845 640 litteras
876 609 1079 651 inspecturis
1105 606 1244 640 salutem
1274 608 1306 639 in
1336 618 1389 649 00,
1420 609 1473 651 qui
1504 611 1554 639 est
1583 609 1729 640 omnium
1759 617 1840 640 vera
1871 606 1972 640 salus.
2011 605 2093 641 Cum
2123 618 2142 640 a
2170 606 2268 642 nobis

401 672 531 715 petitur.
570 668 656 713 quod
689 669 813 711 justum
849 671 910 710 est„
951 671 982 700 et
1020 669 1121 711 vigor
1153 668 1240 711 juris
1274 678 1313 700 ac
1342 667 1425 701 ordo
1455 667 1598 713 postulat
1628 670 1787 711 racionis„
1816 672 1849 701 ut
1878 667 1911 701 id
1939 679 2000 714 per
2029 667 2130 702 oflicii
2159 671 2266 703 nostri

399 730 652 764 sollicitudinem
683 729 721 761 ad
753 728 896 762 debitum
935 728 1139 773 perducatur
1168 728 1335 771 effectum,
1366 733 1547 775 eapropter
1584 731 1794 762 universitati
1832 733 1947 763 vestre
1985 728 2125 763 facimus
2155 731 2267 763 mani-

402 792 533 824 l'estum.
577 790 662 835 quod
705 789 918 835 privilegium
959 800 1060 834 super
1093 787 1225 832 juribus
1263 788 1460 834 quibusdam
1500 794 1531 823 et
1570 789 1777 823 libertatibus
1807 790 1952 824 ecclesie
1980 793 2013 824 in
2041 789 2180 835 Muglitz
2208 800 2270 836 per

400 851 564 897 quondam
602 851 769 884 dominum
809 849 1000 883 Brunonem
1041 849 1147 883 felicis
1187 850 1436 884 recordacionis
1475 853 1669 896 episcopum
1700 850 1959 884 Olomucensem
1989 851 2269 897 predecessorem

401 917 548 946 nostrum
584 911 739 945 donatum
780 911 935 953 vidimus,
975 911 1163 945 audivimus
1192 916 1223 944 et
1253 911 1458 957 perlegimus
1488 914 1622 957 propria
1654 914 1685 945 in
1715 922 1859 957 persona
1889 910 1950 946 sub
1979 911 2089 956 sigillo
2119 911 2268 946 eiusdem

403 973 654 1020 predecessoris
693 975 797 1006 nostri
837 972 965 1006 illesum
1005 975 1140 1005 omniuo
1179 977 1211 1005 et
1247 975 1277 1006 in
1312 972 1400 1006 nullo
1430 977 1635 1019 suspectum.
1692 972 1774 1006 Eius
1804 977 1954 1006 tenorem
1984 971 2197 1018 presentibus
2226 973 2267 1006 de

402 1035 506 1068 verbo
537 1034 575 1067 ad
607 1033 746 1067 verbum
778 1033 933 1067 duximus
963 1033 1190 1069 inserendum.
1221 1037 1253 1066 et
1278 1037 1327 1066 est
1358 1033 1449 1067 talis:
1483 1033 1595 1067 Bruno
1625 1038 1689 1067 etc.
1720 1033 1840 1067 Datum
1869 1032 2008 1078 Muglitz
2038 1043 2125 1067 anno
2145 1032 2269 1067 domini

404 1096 501 1130 1275
533 1098 564 1129 in
595 1095 647 1128 die
676 1096 822 1138 Agnetis
852 1097 1006 1138 virginis.
1043 1094 1140 1128 {Cod.
1172 1095 1248 1140 dipl.
1279 1094 1364 1128 Mor.
1396 1093 1452 1128 IV.
1485 1106 1514 1140 p.
1548 1093 1650 1139 148.)
1697 1093 1768 1128 Nos
1797 1097 1909 1139 itaque
1937 1093 2070 1128 Laczko
2099 1094 2269 1140 predictus

404 1158 637 1191 olomucensis
672 1159 849 1202 episcopus
874 1156 1128 1202 predecessoris
1159 1158 1261 1188 nostri
1292 1158 1445 1199 vestigiis
1474 1155 1794 1189 commendabilibus
1824 1155 2022 1198 inherendo,
2052 1158 2106 1201 qui
2135 1165 2271 1202 semper

404 1222 533 1264 pietatis
572 1229 673 1264 opera
713 1221 802 1251 circa
842 1217 1005 1250 ecclesias
1044 1216 1166 1250 studuit
1195 1228 1373 1253 exercere.
1405 1221 1436 1250 et
1461 1218 1557 1261 juxta
1587 1216 1782 1250 earumdem
1811 1227 1871 1262 pro
1902 1215 2029 1250 viribus
2059 1227 2268 1251 conservare

404 1283 588 1326 cupientes.
620 1279 707 1312 dicte
737 1278 882 1312 ecclesie
903 1281 933 1311 in
955 1278 1093 1323 Miiglitz
1114 1281 1258 1323 quietem
1289 1282 1321 1310 et
1351 1279 1574 1313 commodum.
1606 1280 1636 1311 in
1667 1282 1824 1323 quantum
1854 1288 2043 1323 possumus,
2073 1288 2270 1323 procurare,

403 1347 432 1374 ut
464 1354 504 1375 eo
534 1343 686 1374 securius
717 1352 756 1373 110
785 1340 948 1373 devocius
978 1351 1038 1385 per
1067 1343 1234 1373 rectorem
1257 1343 1287 1372 et
1322 1342 1490 1372 ministros
1525 1342 1710 1373 memorate
1740 1338 1884 1372 ecclesie
1915 1337 2049 1374 domino
2079 1338 2270 1382 famuletur,

402 1403 441 1436 ad
476 1402 759 1448 supplicaciouem
790 1400 908 1434 Jacobi
939 1401 979 1434 ‹le
1009 1400 1150 1434 Budvitz
1180 1405 1210 1433 et
1240 1403 1387 1433 maxime
1418 1402 1585 1446 propriam
1607 1398 1657 1433 ob
1673 1399 1818 1433 'salutem
1840 1399 2025 1445 predictum
2057 1394 2269 1446 privilegium

403 1463 587 1508 exemplari
618 1467 649 1495 et
684 1464 837 1496 innovari
869 1461 1021 1504 lecimus,
1052 1466 1157 1494 ratum
1185 1460 1348 1494 habentes
1370 1465 1401 1493 et
1423 1465 1567 1505 gratum.
1589 1461 1745 1506 quidquid
1771 1462 1868 1505 juxta
1899 1463 2145 1494 continenciam
2166 1463 2270 1506 ipsius

402 1525 568 1570 privilegii
612 1535 672 1569 per
710 1523 988 1569 predecessorem
1026 1527 1177 1556 nostrum
1215 1533 1296 1567 sepe
1336 1521 1422 1555 dicte
1461 1522 1606 1555 ecclesie
1635 1522 1795 1555 indultum
1835 1524 1961 1555 exstitit
1997 1526 2029 1555 et
2057 1532 2271 1565 concessum,

404 1587 524 1620 sactum
562 1586 711 1619 eiusdem
747 1585 1000 1630 predecessoris
1039 1586 1142 1617 nostri
1181 1588 1299 1617 tenore
1328 1585 1540 1629 presencium
1571 1582 1819 1616 confirmantes.
1854 1582 1957 1616 lluius
1986 1585 2035 1616 rei
2065 1587 2168 1616 testes
2197 1586 2273 1616 sunt

403 1650 456 1692 qui
495 1651 683 1692 presentes,
723 1645 775 1678 ubi
812 1645 925 1678 literas
965 1645 1104 1691 predicti
1141 1645 1395 1690 predecessoris
1433 1646 1538 1677 nostri
1569 1644 1723 1678 vidimus.
1763 1644 1918 1688 legimus,
1948 1643 2210 1690 approbavimus
2239 1647 2271 1678 et

402 1708 686 1749 confirmavimus,
726 1706 872 1749 suerunt,
911 1711 987 1740 sunt
1024 1705 1076 1739 hi:
1117 1705 1343 1741 honorabiles.
1383 1705 1519 1738 discreti
1558 1710 1590 1738 et
1629 1705 1747 1738 famosi
1777 1707 1841 1738 viri
1880 1704 2004 1739 domini
2041 1703 2192 1739 Joannes
2230 1703 2271 1738 de

403 1769 575 1802 Slavonitz
597 1771 743 1801 vicarius
774 1770 803 1800 in
835 1767 1060 1813 spiritualibus
1090 1772 1118 1799 et
1142 1767 1294 1800 ol'licialis
1315 1770 1429 1799 nostre
1450 1769 1543 1799 curie
1564 1765 1811 1802 010111110011515η
1842 1764 2011 1810 Georgius
2031 1765 2072 1799 de
2093 1763 2267 1806 Gebitzka,

405 1833 553 1875 magistri
594 1833 624 1863 in
663 1828 801 1865 artibus,
840 1828 999 1862 Andreas
1035 1828 1292 1861 archidiaconus
1331 1827 1476 1860 ecclesie
1515 1831 1629 1861 nostre
1659 1826 1894 1860 Olomucensis
1923 1826 2085 1872 predicte.
2117 1829 2271 1860 canonici

403 1892 547 1925 ecclesie
583 1890 785 1924 cathedralis
825 1890 1059 1923 Olomucensis
1097 1892 1295 1935 prescripte,
1326 1888 1551 1922 Wenceslaus
1582 1888 1622 1921 de
1651 1887 1833 1922 Mezarzitz
1862 1887 2007 1921 clericus
2037 1887 2271 1922 Olomucensis

403 1953 569 1986 dioecesis
599 1957 626 1984 et
660 1951 825 1985 llenricus
855 1954 1004 1995 armiger
1033 1951 1074 1983 de
1104 1950 1294 1996 l'ystrizytz
1323 1954 1353 1983 et
1393 1950 1446 1983 alii
1476 1949 1586 1995 plures
1616 1948 1680 1982 side
1709 1948 1811 1993 digni.
1843 1948 1878 1982 ln
1908 1951 2003 1982 cuius
2032 1947 2270 1982 ratificacionis

404 2019 433 2047 et
466 2014 737 2047 confirmacionis
767 2017 955 2046 nostrarum
987 2015 1225 2046 testimouium.
1256 2010 1399 2055 sigillum
1430 2014 1579 2043 nostrum
1610 2012 1757 2055 presenti
1789 2009 1885 2043 litere
1915 2019 2112 2055 appensum.
2149 2008 2270 2043 Datum

406 2075 582 2108 tilomueii.
615 2085 701 2107 anno
731 2061 853 2107 domini
892 2073 1066 2107 millesimo
1096 2072 1427 2117 quadringentesimo
1458 2076 1588 2116 quarto,
1616 2070 1698 2104 feria
1728 2070 1874 2104 secunda
1906 2074 1980 2116 post
2007 2070 2207 2104 dominicam
2238 2072 2269 2103 111

406 2148 466 2179 ilua
499 2140 667 2168 cantatur:
698 2134 815 2168 Judica
847 2146 899 2168 me
929 2134 1023 2169 deus.
1054 2145 1117 2179 que
1149 2134 1207 2167 l'oit
1236 2133 1307 2166 dies
1337 2131 1443 2166 xvii.
1475 2131 1595 2166 Martii.

716 2204 811 2238 (origg.
839 2205 872 2230 im
899 2204 1051 2232 siil·.¹-tt(¹1·zl1,
1078 2204 1203 2230 Arctove,
1229 2204 1255 2229 in
1282 2203 1443 2235 Kremsier3
1468 2202 1566 2228 friilier
1591 2203 1626 2227 im
1655 2202 1838 2228 l‘sarrarcliiv
1863 2211 1896 2227 zu
1923 2201 2068 2236 Miiglitz.)

1289 2349 1396 2384 309.

411 2420 534 2453 lan-esf.
570 2421 717 2465 liixelms
741 2432 803 2454 rou
838 2420 982 2454 (llnmlz.
1024 2420 1166 2453 ret-laih!
1197 2421 1268 2453 dem
1299 2419 1532 2463 lS'lernberffl’r
1563 2419 1704 2453 li'losler
1729 2421 1790 2464 fili·
1819 2420 1881 2453 den
1912 2418 2018 2452 Allar
2045 2418 2185 2452 Johann
2214 2418 2274 2452 des

413 2482 559 2525 'l'aemfers
591 2484 657 2514 nm!
686 2483 747 2515 der
777 2483 854 2515 heis.
889 2482 1086 2515 li'allmrim!
1123 2483 1221 2514 eim-u
1257 2481 1467 2525 1:3—ltifsifsen
1501 2480 1638 2513 Alilass.
1675 2480 1729 2513 Ι)Ι.
1765 2480 1910 2523 (llnmlz,
1940 2478 1999 2513 21.
2032 2478 2132 2512 Ma‘rz
2164 2477 2273 2513 1404.

514 2540 679 2594 'uu-xlm.
725 2562 775 2594 dei
815 2564 929 2601 gracia
967 2564 1144 2606 episcopus
1184 2561 1427 2593 (ilomuceusis.
1486 2558 1523 2592 l't
1564 2559 1667 2591 altare
1706 2561 1735 2591 iu
1783 2558 1928 2592 honores
1967 2559 2072 2591 sancti
2111 2556 2275 2591 Johannis

410 2620 549 2665 baptiste
593 2627 620 2652 et
667 2627 780 2654 ¹<aucte
826 2622 1008 2655 Katlieriue
1045 2633 1151 2667 nuper
1195 2633 1253 2666 per
1296 2632 1356 2654 uos·
1395 2624 1627 2653 consecratum
1670 2622 1784 2652 maiori
1820 2619 2009 2652 devocione
2038 2620 2205 2661 visitetur,
2234 2616 2274 2651 ad

409 2692 523 2714 omne>
544 2682 773 2718 indutui-ocius
791 2694 850 2728 per
866 2683 1128 2728 predecessores
1160 2686 1291 2716 nostros
1318 2684 1520 2715 monasterio
1543 2679 1805 2723 Steruliergeusi
1827 2679 1964 2714 collatas
1981 2679 2022 2713 dc
2039 2679 2275 2724 omnipotentis
