2347 3153
1277 213 1352 247 214

378 318 617 364 dependenciis
647 323 678 351 et
707 321 882 352 connexis.
914 318 1150 363 Cuiusquidem
1181 320 1428 351 commissionis
1457 319 1580 361 vigore
1610 315 1696 349 idem
1718 315 1871 349 dominus
1890 315 2050 349 Nicolans
2070 318 2250 361 episcopus

377 384 405 412 et
436 380 567 413 auditor
594 382 627 413 in
657 390 758 413 causa
789 379 976 413 huiusmodi
1015 383 1045 411 et
1082 381 1168 412 inter
1207 383 1320 424 partes
1359 377 1528 424 predictas
1566 375 1677 410 debite
1714 376 1918 421 procedens.
1947 376 1989 410 ad
2019 376 2155 410 discreti
2184 379 2250 410 viri

378 443 527 484 magistri
556 439 718 473 Johannis
749 439 789 473 de
819 439 1003 473 Scribanis.
1026 442 1057 472 in
1086 438 1239 473 Romana
1270 442 1361 472 curia
1383 441 1613 484 procuratoris
1633 436 1800 471 substituti
1821 448 1881 483 per
1900 436 2075 471 Nicolaum
2098 436 2253 472 Falken-

376 500 461 545 berg
490 506 744 547 procuratorem
774 504 986 534 constitutum
1017 500 1180 533 dictorum
1211 500 1422 533 dominorum
1452 501 1613 545 prepositi
1643 503 1674 532 et
1705 499 1840 544 capituli
1871 510 1910 532 ac
1939 497 2087 533 Conradi
2116 501 2249 545 princi-

374 562 496 607 palium
539 565 735 595 instanciam
775 561 949 606 providum
993 563 1101 593 virum
1147 564 1344 606 magistrum
1387 559 1610 593 iVilhelmum
1654 559 1735 603 Leo⁷
1779 562 1810 593 in
1854 560 1971 593 eadem
2012 562 2104 593 curia
2143 562 2249 594 eciam

374 628 628 668 procuratorem
657 622 868 656 substitutum
898 633 958 667 per
989 624 1185 665 magistrum
1217 620 1395 655 Gerlacum
1427 619 1597 654 Heriberti
1627 620 1668 654 de
1696 619 1787 654 Esch
1816 625 2074 666 procuratorem
2110 624 2245 655 consti-

375 688 476 716 tutum
508 683 668 716 dictarum
709 683 915 716 dominarum
955 682 1123 716 abbatisse
1161 687 1193 715 et
1231 687 1420 716 conventus
1459 681 1704 727 principalium.
1745 681 1785 715 de
1819 692 1961 727 quorum
1989 687 2246 728 procuratorum

372 747 648 777 constitucioinun
668 749 698 777 et
715 743 989 777 substitucionuin
1012 744 1174 777 mandatis
1191 743 1346 777 hincinde
1363 746 1395 777 in
1412 745 1496 777 actis
1512 754 1614 776 cause
1630 742 1820 787 hujusmodi
1841 743 1992 787 legitime
2012 743 2248 778 documentum

372 808 476 838 extitit
522 806 561 838 ad
605 805 778 838 dicendum
825 809 854 837 et
899 805 1146 850 opponendum,
1190 804 1336 850 quitquid
1377 803 1483 838 verbo
1520 803 1576 837 vel
1614 807 1646 838 in
1684 807 1818 849 scriptis
1848 804 1962 838 dicere
1991 805 2047 838 vel
2075 815 2249 851 opponere

374 866 507 899 volebat
539 871 654 899 contra
685 869 956 899 commissionem
988 870 1233 911 pren-arratam,
1262 877 1324 911 per
1352 870 1480 899 certum
1512 865 1636 899 domini
1665 868 1770 899 nostri
1800 876 1885 911 pape
1911 865 2051 911 predicti
2072 876 2246 900 cursorem

371 930 598 972 peremptorie
633 930 728 960 citari
767 927 937 961 mandavit
976 932 1007 960 et
1047 926 1122 960 fecit
1161 927 1201 960 ad
1240 931 1369 960 certum
1398 929 1660 972 peremptorium
1691 929 1870 960 terminum
1901 931 2160 972 competentem.
2208 926 2246 961 In

371 988 571 1033 quoquidem
603 991 744 1021 termino
774 988 1046 1033 comparentibus
1076 991 1108 1022 in
1134 988 1262 1032 judicio
1292 991 1489 1022 successive
1518 998 1632 1021 coram
1659 987 1746 1020 dicto
1768 987 1903 1021 domino
1923 987 2065 1022 Nicolao
2085 991 2246 1034 episcopo

374 1053 403 1081 et
434 1049 585 1082 auditore
625 1052 792 1093 magistris
822 1049 1006 1083 wilhelmo
1043 1049 1111 1082 Leo
1151 1061 1193 1083 ex
1224 1061 1287 1082 una
1323 1054 1355 1082 et
1390 1048 1546 1082 Johanne
1575 1048 1616 1081 de
1651 1047 1824 1082 Scribanis
1853 1048 2130 1094 procuratoribus
2158 1060 2244 1095 pre-

371 1110 466 1142 dictis
495 1113 736 1156 procuratoriis
766 1110 883 1155 quihus
914 1121 1013 1156 supra
1044 1110 1232 1144 nominibus
1263 1115 1357 1156 parte
1388 1121 1430 1144 ex
1460 1110 1577 1145 altera.
1608 1114 1639 1143 et
1670 1121 1730 1160 per
1759 1110 1881 1144 dictum
1919 1113 2118 1156 magistrum
2147 1110 2244 1144 Wil-

371 1170 514 1204 helmum
545 1176 798 1216 procuratorem
833 1176 948 1205 contra
988 1172 1194 1217 sepedictam
1233 1174 1507 1205 commissionem
1547 1171 1714 1205 nonnullis
1743 1171 2009 1218 excepcionibus
2046 1161 2243 1207 verbalibus

370 1236 399 1263 et
430 1231 647 1275 generalibus
684 1235 863 1278 propositis
903 1237 1001 1278 atque
1038 1232 1145 1267 factis.
1185 1244 1225 1266 ao
1264 1244 1323 1279 per
1362 1233 1484 1266 dictum
1525 1235 1720 1277 magistrum
1759 1233 1950 1267 Johannem
1988 1238 2245 1280 procuratorem

370 1293 549 1338 supradicti
580 1296 728 1337 magistri
758 1293 929 1327 §vilhelmi
961 1305 1004 1327 ex
1034 1294 1180 1327 adverso
1210 1297 1453 1340 procuratoris.
1483 1298 1653 1340 quitquam
1682 1294 1789 1328 verbo
1820 1294 1877 1329 vel
1909 1298 1942 1328 in
1971 1297 2104 1341 scriptis
2125 1299 2243 1330 contra

369 1352 531 1399 prefatam
562 1357 832 1388 commissionem
863 1356 976 1389 dicere
1007 1367 1065 1389 seu
1097 1359 1269 1402 excipere.
1301 1360 1332 1389 ut
1364 1358 1505 1389 asseruit
1546 1367 1611 1389 non
1650 1359 1799 1390 curantis
1839 1359 2050 1390 contumacia
2084 1360 2243 1391 accusata

367 1417 541 1460 ipsumque
580 1420 811 1449 contumacem
852 1420 997 1462 reputari
1035 1428 1096 1462 per
1134 1417 1277 1450 eundem
1317 1417 1486 1450 dominum
1526 1416 1701 1451 Nicolaum
1745 1420 1940 1464 episcopum
1985 1423 2017 1452 et
2054 1418 2242 1453 auditorem

368 1478 481 1521 petito.
513 1475 602 1509 Idem
635 1477 786 1510 dominus
817 1480 995 1523 episcopus
1025 1483 1055 1511 et
1086 1478 1217 1511 auditor
1246 1478 1286 1511 ad
1317 1478 1500 1511 eorundem
1533 1481 1770 1523 magistrorum
1803 1478 1976 1513 withelmi
2007 1484 2039 1513 et
2077 1478 2240 1514 Johannis

367 1542 621 1582 procuratorum
653 1537 810 1571 hincinde
840 1542 1040 1584 peticionem
1080 1544 1112 1572 et
1150 1542 1346 1573 instanciam
1387 1539 1513 1572 eisdem
1552 1539 1672 1573 ibidem
1711 1540 1924 1586 presentibus
1964 1541 2175 1576 audientibus
2209 1547 2242 1576 et

367 1598 626 1641 intellig-entibus
657 1599 694 1631 ad
727 1599 869 1633 dandum
900 1605 929 1632 et
962 1601 1190 1646 recipiendum
1221 1601 1361 1646 darique
1391 1605 1422 1634 et
1452 1604 1554 1647 recipi
1577 1601 1756 1635 videndum
1779 1601 1922 1636 libellum
1945 1605 2019 1636 sive
2040 1606 2241 1649 peticionem

366 1662 580 1692 sumniariain
611 1662 641 1693 in
673 1660 733 1693 hac
764 1672 863 1693 causa
895 1666 1022 1694 eertum
1064 1665 1324 1707 peremptorium
1365 1665 1541 1695 terminum
1581 1667 1827 1708 competentem
1869 1666 1982 1697 statuit
2019 1668 2120 1710 atque
2155 1675 2241 1711 pre-

365 1718 455 1759 lixit;
486 1723 516 1753 in
548 1721 747 1765 quoquidein
779 1725 921 1755 termino
951 1734 1011 1768 per
1041 1724 1225 1768 predictum
1258 1726 1454 1767 magistrum
1486 1722 1702 1757 wilhelmum
1735 1724 1802 1757 Leo
1833 1729 2091 1769 procuratorem
2124 1736 2240 1760 coram

366 1780 453 1813 dieto
483 1781 617 1814 domino
647 1781 786 1815 Nicolao
817 1787 975 1829 episcopo
1005 1789 1035 1817 et
1067 1785 1218 1817 auditore
1243 1784 1452 1828 judicialiter
1484 1790 1734 1831 comparentem
1773 1785 1849 1819 dicti
1890 1789 2042 1831 magistri
2078 1785 2242 1821 Johannis

364 1853 406 1875 ex
436 1842 582 1875 adverso
613 1847 840 1888 procuratoris
871 1856 934 1878 non
966 1849 1192 1890 comparentis
1223 1849 1436 1879 contumacia
1460 1851 1617 1880 accusata
1639 1850 1814 1893 ipsumque
1836 1851 2071 1881 contumacem
2093 1851 2242 1894 reputari

365 1914 424 1948 per
454 1903 595 1936 eundem
627 1904 795 1938 dominum
826 1909 1018 1952 episcopum
1051 1912 1080 1939 et
1111 1906 1298 1940 auditorem
1333 1910 1435 1952 petito
1466 1913 1496 1941 ct
1519 1911 1548 1942 in
1570 1911 1674 1954 ipsius
1695 1911 1940 1942 contumaciam
1963 1908 2107 1954 quodam
2129 1909 2240 1944 libello

365 1976 425 2009 pro
457 1964 604 2009 partibus
634 1968 701 1998 suis
733 1966 820 1999 l'acto
851 1972 878 1999 et
913 1970 941 2000 in
972 1971 1106 2013 scriptis
1137 1969 1212 2001 dato
1245 1972 1371 2003 tenoris
1403 1970 1623 2016 infrascripti:
1656 1968 1739 2002 Petit
1769 1975 1969 2015 procurator
1999 1975 2031 2004 et
2069 1981 2240 2016 procura—

365 2028 450 2058 torio
481 2029 615 2059 nomine
646 2027 889 2061 venerabilium
921 2034 950 2061 et
991 2029 1226 2067 religiosaruiu
1267 2041 1487 2075 personarum
1528 2030 1737 2064 dominarum
1777 2030 1946 2064 abbatisse
1982 2035 2014 2065 et
2052 2038 2240 2066 conventus

368 2090 560 2120 monasterii
591 2088 686 2121 vallis
716 2094 832 2122 sancte
861 2089 967 2123 Marit-
997 2091 1037 2123 de
1068 2091 1205 2124 ostavia
1236 2092 1474 2125 cisterciensis
1504 2091 1629 2125 ordinis
1659 2091 1896 2125 Oloinucensis
1931 2091 2076 2126 diocesis
2097 2103 2157 2139 per
2177 2104 2241 2127 vos

366 2148 590 2181 rev-rendum
635 2154 761 2195 patrem
807 2150 974 2184 dominum
1020 2151 1194 2185 Nicolaum
1235 2156 1429 2198 episcopum
1476 2153 1725 2187 Ferentinatuni
1775 2158 1992 2199 vestramque
2032 2156 2241 2188 sentenciam

365 2208 571 2242 diffinitivam
603 2214 816 2256 pronunciari
849 2216 877 2243 et
909 2212 1071 2245 declarari
1104 2225 1163 2258 per
1193 2213 1420 2247 reverendum
1451 2219 1579 2260 patrem
1609 2214 1778 2247 dominum
1819 2215 2004 2248 Antonium
2044 2218 2238 2261 episcopum

365 2270 652 2304 Concurtllcnsvnl
693 2273 921 2305 cotltltlllot·t·ttl
955 2279 1102 2307 vestrum
1134 2277 1165 2307 lll
1204 2286 1316 2308 t'ssllSss.
1356 2286 1420 2320 qllt’
1460 2274 1657 2309 VOl'lt'lsslllll'
1694 2286 1808 2309 cornill
1848 2288 1888 2308 (⁸0
1919 2280 1952 2309 et
1981 2286 2069 2310 nunc
2097 2279 2241 2310 vertitur

367 2343 480 2364 corani
513 2332 621 2369 vobis.
653 2336 737 2366 inter
766 2334 913 2379 prelatas
943 2335 1093 2368 dominas
1123 2335 1325 2369 abbatissam
1359 2341 1389 2369 et
1420 2340 1623 2369 conventum
1651 2347 1692 2369 ex
1715 2348 1777 2369 una
1799 2348 1838 2370 ac
1859 2337 2013 2371 dominos
2033 2339 2239 2383 prepositum

369 2397 398 2424 et
429 2394 606 2437 capitulum
637 2406 675 2427 ac
706 2394 896 2428 Conraduni
929 2395 1094 2428 Suu—rhei<
1125 2400 1322 2430 canonicum
1352 2397 1497 2431 ecclesie
1518 2400 1624 2430 sancti
1647 2397 1732 2431 l'etri
1757 2397 1964 2432 Brunnensis
1986 2398 2074 2432 dicte
2095 2399 2240 2432 diocesis

367 2453 406 2486 de
437 2459 466 2486 et
497 2466 599 2499 super
628 2455 828 2500 parrochiali
860 2456 1002 2489 ecclesia
1033 2460 1137 2490 sancti
1168 2457 1285 2491 Jacobi
1317 2458 1357 2491 de
1387 2458 1495 2499 burgo
1527 2457 1712 2491 Bruuncnsi
1744 2459 1894 2502 ejusdem
1917 2459 2064 2494 diocesis
2084 2463 2117 2493 et
2137 2461 2239 2505 ipsius

365 2518 545 2548 occasione
588 2516 736 2561 partibus
775 2528 817 2550 ex
860 2518 963 2550 attera
1009 2517 1093 2551 bene
1139 2519 1241 2553 l'nisse
1285 2524 1315 2553 et
1360 2530 1437 2553 esse
1474 2530 1682 2565 processum.
1721 2522 1967 2553 sentenciatum
2003 2524 2036 2553 et
2065 2519 2241 2554 diffinitum

365 2577 534 2620 ipsiusque
564 2580 770 2610 sentenciam
802 2578 1063 2612 conlirnnuidain
1096 2580 1167 2612 lore
1198 2584 1227 2612 et
1261 2592 1321 2626 per
1352 2592 1414 2614 vos
1443 2579 1634 2613 confirmari
1665 2584 1694 2612 et
1726 2592 1786 2626 pro
1818 2585 1911 2626 parte
1951 2580 2114 2614 (lictorum
2156 2591 2241 2627 pre-

365 2639 474 2681 positi.
505 2638 635 2682 capituli
668 2643 694 2670 et
728 2638 872 2672 Conrndi
903 2642 1054 2672 canonici
1085 2641 1230 2674 ecclesie
1260 2644 1364 2674 sancti
1388 2641 1475 2675 Petri
1499 2640 1707 2674 Brunnensis
1730 2641 1770 2674 ab
1792 2642 1910 2675 eodeni
1934 2641 2126 2675 reverendo
2147 2646 2242 2688 patre

365 2697 498 2730 domino
540 2698 687 2731 Antonio
717 2703 876 2745 episcopo
908 2701 1160 2733 t'oncordiense
1204 2702 1355 2735 auditore
1399 2707 1430 2735 et
1473 2702 1558 2736 dicta
1602 2703 1674 2745 ejus
1716 2706 1887 2736 sentencia
1932 2703 2018 2736 male
2062 2702 2180 2737 suisse-
2208 2707 2242 2738 et

2338 0 2347 54 ⁴2-
