2347 3153
1285 218 1359 253 230

385 335 470 369 pena
511 323 598 357 mille
636 334 826 357 marcarum
856 326 1001 368 argenti.
1040 334 1100 369 pro
1130 324 1310 357 medietate
1340 335 1476 358 camere
1506 324 1692 369 apostolice
1722 329 1754 357 et
1783 334 1844 370 pro
1875 325 1937 358 alia
1968 324 2146 359 medietate
2167 324 2263 359 dictis

383 385 608 431 personaliter
646 384 787 418 citandis
823 384 1095 430 applicandarum
1135 396 1172 418 se
1211 384 1430 419 effectualiter
1468 384 1643 430 obligavit„
1682 389 1781 431 prout
1814 388 1845 419 in
1875 388 2098 420 instrumento
2128 385 2263 432 publico

385 448 445 492 per
481 449 645 479 notarium
685 445 851 490 publicum
891 450 1110 491 nostrumque
1150 450 1181 479 et
1214 445 1403 480 huiusmodi
1434 457 1536 481 cause
1566 457 1679 480 coram
1711 445 1806 480 nobis
1836 445 1981 480 scribam
2011 446 2263 493 infrascriptum

382 511 413 541 in
444 512 556 540 notam
589 511 728 552 recepto
758 506 888 552 plenius
918 509 1126 541 continetur:
1158 507 1285 540 idcirco
1315 510 1514 541 auctoritate
1544 507 1728 553 apostolica
1759 506 1855 541 nobis
1884 510 1915 540 in
1946 507 2009 541 bac
2039 512 2135 554 parte
2164 518 2265 541 com-

383 572 482 602 missa
515 580 573 614 per
604 568 667 601 11οο
696 579 839 614 presens
868 568 1036 614 publicum
1068 568 1211 601 edictum
1243 572 1275 602 in
1305 569 1482 602 audiencia
1512 568 1642 614 publica
1672 567 1843 601 literarum
1873 568 2156 602 contradictarum
2186 568 2262 602 dicti

383 630 505 663 domini
537 632 640 663 nostri
671 640 756 674 pape
779 629 957 673 legendum
981 641 1019 661 ac
1040 629 1150 663 valvis
1171 641 1229 663 sen
1252 633 1357 676 portis
1379 629 1547 663 antedicte
1568 640 1744 663 causarum
1767 628 1951 675 apostolice
1972 640 2104 663 necnon
2125 628 2264 664 basilice

383 693 488 723 sancti
532 690 619 723 Petri
664 693 824 736 principis
868 690 1095 735 apostolorum
1134 691 1175 723 de
1215 691 1296 725 urbe
1335 702 1374 724 ac
1411 689 1616 724 cathedralis
1656 690 1892 724 Olomucensis
1931 694 1964 724 ct
1998 690 2202 736 parochialis
2231 693 2263 724 in

384 752 567 785 (ruinnaw
586 752 672 785 dicte
690 752 925 785 Oloniucensis
943 749 1327 786 dioccsis‘ecetesiarum
1347 751 1567 796 affigendum,
1584 754 1836 797 prenominatos
1853 750 2051 795 Sulkonem,
2068 751 2266 785 Wenczes-

384 813 483 846 laum.
516 812 705 846 llinkonem
737 817 766 845 et
799 812 895 845 Fricz
917 812 1068 846 Jndicem
1100 824 1231 846 necnon
1252 812 1436 846 Jeskonom
1460 812 1594 846 Hruska
1616 823 1655 845 ac
1676 823 1843 858 precones
1864 813 1941 846 dicti
1962 812 2051 858 opidi
2073 816 2104 847 in
2125 812 2266 847 Brunna

383 886 427 907 cx
457 874 603 907 adverso
640 874 843 919 principales
882 878 999 907 tenore
1035 877 1248 920 presencium
1281 877 1433 909 citamnS.
1464 878 1630 919 quatenus
1660 877 1878 918 sexagesima
1908 874 1972 915 die,
2004 878 2077 920 post
2107 873 2264 920 publica—

383 938 514 968 cionem
544 946 602 968 seu
634 934 827 968 affixionem
859 935 1042 980 predictam
1073 939 1105 968 in
1136 935 1246 969 valvis
1276 946 1334 969 seu
1366 938 1471 981 portis
1501 934 1679 968 antedictis
1709 934 1902 968 immediate
1931 939 2106 980 sequente,
2136 938 2163 970 si
2192 935 2264 970 dies

384 999 454 1041 ipsa
498 999 715 1040 sexagesima
749 996 893 1039 juridica
935 996 1045 1030 linitur
1081 1001 1111 1029 et
1152 1007 1212 1030 nos
1252 996 1306 1029 vel
1345 996 1429 1030 alius
1467 996 1541 1029 loco
1581 998 1685 1029 nostri
1723 998 1856 1029 interim
1887 996 2002 1030 forsan
2032 996 2263 1041 surrogandus

383 1057 514 1090 auditor
543 1056 582 1090 ad
609 1059 684 1101 jura
717 1057 921 1091 reddendinn
953 1069 1013 1103 pro
1044 1057 1200 1091 tribunali
1231 1057 1419 1091 sederimus
1450 1057 1503 1091 vel
1530 1057 1675 1094 sederit:
1706 1057 1852 1102 alioquin
1874 1060 2027 1103 proxima
2049 1056 2102 1090 die
2118 1057 2263 1102 juridica

384 1123 509 1151 extunc
540 1118 730 1151 immediate
760 1123 935 1163 scquentc.
966 1130 1030 1164 qua
1059 1130 1121 1152 nos
1151 1118 1206 1152 vel
1236 1119 1311 1152 loco
1341 1121 1446 1151 nostri
1476 1118 1724 1161 surrogaudum
1756 1118 1944 1152 auditorem
1967 1117 2132 1163 prefatum
2154 1117 2264 1152 Rome

385 1179 438 1212 vel
469 1178 556 1212 alibi.
589 1179 641 1212 ubi
673 1184 750 1212 tnnc
782 1180 894 1213 l'orsan
926 1180 1079 1214 dominus
1110 1185 1225 1213 noster
1254 1190 1337 1225 papa
1369 1190 1443 1212 cnm
1474 1190 1531 1212 sua
1555 1182 1646 1212 curia
1669 1178 1840 1221 residebit,
1863 1190 1961 1213 mane
1983 1178 2065 1213 bora
2086 1189 2264 1213 causarum

385 1241 426 1273 ad
452 1242 528 1284 jura
561 1240 720 1274 reddendi
752 1252 811 1286 pro
842 1240 995 1274 tribunali
1026 1241 1186 1275 sedentes
1216 1244 1409 1285 contigerit.
1450 1245 1668 1286 compareant
1707 1243 1738 1273 in
1774 1240 1901 1284 judicio
1940 1251 2053 1274 coram
2084 1239 2180 1274 nobis
2209 1240 2265 1274 vel

382 1301 595 1345 surrogando
635 1302 787 1335 auditore
823 1302 985 1348 predicto.
1026 1302 1182 1336 videlicet
1222 1302 1343 1349 prcl'ati
1384 1301 1489 1335 Sulko
1530 1301 1570 1334 de
1603 1300 1770 1335 Radkow.
1800 1301 2061 1345 VVenczeslaus,
2091 1300 2202 1335 Hinko
2232 1305 2263 1335 et

387 1362 482 1396 Fricz
520 1361 629 1396 Jndex
669 1374 728 1407 per
763 1373 800 1395 sc
837 1364 1061 1408 personaliter
1099 1369 1131 1396 et
1167 1367 1198 1397 in
1238 1375 1355 1397 eornm
1397 1365 1539 1408 propriis
1574 1365 1741 1408 personis.
1772 1362 1824 1395 alii
1856 1374 1940 1396 vcro
1970 1362 2128 1397 videlicet
2156 1362 2262 1397 Jesko

384 1423 518 1457 llrnslza
550 1436 588 1456 ac
618 1435 785 1469 precones
816 1424 891 1457 dicti
923 1426 1010 1470 opidi
1043 1428 1073 1458 in
1103 1425 1239 1458 Brunna
1270 1436 1312 1458 ex
1343 1424 1490 1457 adverso
1522 1423 1725 1469 principales
1755 1434 1816 1469 per
1844 1435 1881 1457 se
1918 1423 1972 1458 vel
2007 1429 2262 1470 procuratorem

382 1497 441 1518 sen
473 1490 710 1530 procuratores
748 1497 827 1519 snos
868 1486 1021 1520 idoneum
1063 1498 1121 1520 son
1160 1487 1299 1520 idoneos
1335 1486 1374 1519 ad
1417 1496 1551 1518 causam
1590 1496 1650 1518 seu
1680 1496 1800 1518 causas
1831 1484 2019 1529 hujusmodi
2057 1483 2265 1519 sufficienter

386 1550 567 1579 instructos
607 1549 636 1579 in
676 1546 830 1580 omnibns
869 1552 899 1580 et
939 1548 1080 1592 singuiis
1117 1551 1211 1582 actis.
1251 1549 1414 1587 audeatis,
1452 1546 1568 1579 literis.
1604 1548 1791 1592 scripturis„
1823 1548 2050 1580 instrumentis
2080 1550 2113 1580 et
2141 1549 2265 1580 ceteris

386 1610 597 1641 immimentis
628 1608 665 1640 ad
698 1619 832 1641 causam
864 1620 922 1641 seu
954 1620 1074 1642 causas
1105 1608 1293 1642 huiusmodi
1325 1608 1488 1641 facientes
1520 1606 1659 1653 prefatis
1690 1607 1887 1641 dominabus
1919 1607 2087 1642 abbatisse
2118 1612 2151 1642 et
2175 1618 2264 1642 con—

386 1671 497 1702 ventui
542 1674 573 1700 et
616 1668 759 1703 dominis
804 1669 943 1703 Nicolao
982 1670 1118 1705 Polacli.
1159 1669 1299 1704 Nicolao
1335 1668 1513 1715 XVayglini
1553 1680 1592 1701 ac
1631 1667 1751 1713 Egidio
1788 1673 1821 1702 ct
1859 1667 2014 1703 Cristano
2052 1668 2093 1703 de
2130 1668 2264 1702 Brunna

387 1729 622 1775 principalilms
653 1731 706 1763 vel
738 1742 851 1764 earum
883 1736 934 1764 ant
967 1743 1082 1765 eornm
1114 1732 1265 1777 legitimo
1302 1731 1432 1764 sindico
1470 1734 1500 1762 et
1532 1732 1756 1775 procuratori.
1787 1730 1828 1763 de
1858 1735 1888 1763 ct
1919 1741 2020 1776 super
2049 1729 2204 1764 omnibus
2233 1734 2265 1763 et

386 1792 526 1830 sinentis
557 1794 586 1824 in
628 1794 811 1837 prescripta
852 1792 948 1826 nobis
980 1793 1064 1826 l'acta
1096 1796 1337 1827 commissione
1368 1794 1549 1826 contentis.
1581 1791 1621 1824 de
1647 1793 1781 1835 justicia
1812 1794 2020 1837 responsuri,
2051 1803 2090 1825 ac
2119 1791 2200 1826 alias
2230 1794 2262 1825 in

385 1864 483 1885 cansa
516 1857 543 1884 et
577 1856 687 1885 causis
718 1852 905 1886 huiusmodi
936 1855 975 1886 ad
1006 1865 1124 1888 omncs
1154 1860 1182 1887 ct
1215 1854 1367 1893 sing-ulos
1407 1857 1502 1887 actus
1531 1852 1698 1893 gradatim
1737 1857 1767 1886 ct
1798 1855 1975 1886 succesive
2011 1857 2043 1886 et
2079 1863 2184 1898 usque
2222 1852 2262 1886 ad

385 1913 593 1947 dil'linitixam
634 1917 841 1947 sentenciam
882 1915 1047 1948 inclusive
1086 1914 1204 1949 debitis
1234 1919 1265 1948 et
1295 1917 1466 1948 consuetis
1497 1917 1648 1947 terminis
1678 1918 1710 1947 ct
1740 1913 1958 1948 dilacionibus
1989 1913 2262 1960 precedentibus,

386 1979 417 2007 nt
464 1978 564 2007 moris
608 1980 668 2008 est.
713 1979 906 2020 processuri
950 1981 979 2009 et
1026 1977 1162 2021 procedi
1203 1979 1306 2009 visuri
1346 1975 1496 2020 aliasque
1537 1975 1654 2008 dicturi
1695 1975 1812 2008 l'actnri
1853 1975 1997 2008 audituri
2026 1975 2202 2020 allegaturi
2232 1979 2264 2009 et

386 2039 563 2081 recepturi.
596 2037 680 2080 qnod
716 2038 842 2079 justum
875 2037 971 2070 l'nerit
1013 2042 1043 2070 et
1082 2037 1166 2071 ordo
1196 2037 1372 2070 dictaverit
1406 2039 1574 2077 racionis3
1605 2035 1831 2069 ccrtilicantes
1862 2036 2097 2070 nichilominus
2126 2036 2263 2070 eosdem

385 2102 448 2130 tani
491 2098 712 2141 personaliter
751 2110 847 2142 qnam
888 2098 1036 2139 legitime
1075 2103 1107 2131 ct
1144 2110 1203 2144 per
1242 2098 1386 2131 edictum
1427 2101 1475 2131 sic.
1513 2100 1644 2136 citatos„
1684 2097 1770 2142 (pind
1806 2100 1880 2131 sive
1910 2100 1941 2131 in
1971 2097 2060 2131 dicto
2089 2100 2264 2132 citacionis

384 2161 537 2190 termino.
579 2164 606 2190 nt
650 2162 849 2203 premissum
890 2164 953 2197 esi„
993 2171 1194 2205 comparere
1232 2161 1427 2192 curaverint
1464 2162 1537 2192 sive
1569 2170 1646 2192 non.
1679 2162 1708 2192 in
1740 2170 1841 2192 causa
1872 2163 1903 2192 et
1933 2161 2044 2194 causis
2075 2158 2263 2193 huiusmodi

385 2219 533 2251 ulterius.
575 2224 668 2264 prout
705 2221 791 2262 juris
831 2220 941 2255 l'nerit.
981 2221 1184 2265 procedetur
1221 2220 1384 2253 dictorum
1424 2222 1599 2253 citatorum
1641 2218 1799 2253 absencia
1844 2230 1902 2253 seu
1946 2222 2156 2254 contumacia
2196 2229 2262 2253 non

384 2279 547 2312 obstante.
582 2280 666 2313 Loca
699 2293 783 2314 vero
813 2282 989 2315 andiencic
1019 2281 1151 2327 publice
1181 2294 1220 2314 ac
1251 2281 1427 2314 valvarum
1449 2285 1481 2313 et
1503 2285 1671 2326 portarum
1696 2280 1920 2326 predictarum
1942 2285 2108 2326 tamquam
2131 2279 2260 2326 publica

383 2345 411 2370 ei
457 2341 573 2372 idonea
612 2342 649 2373 ml
691 2345 890 2376 eitacionem
932 2348 1079 2376 nostram
1121 2342 1308 2376 lminsmodi
1348 2341 1580 2386 publicandam
1620 2341 1658 2374 ad
1701 2343 1805 2374 instar
1839 2341 2024 2375 edictorum
2055 2340 2262 2387 publicorum

384 2413 447 2445 qne
478 2402 552 2433 olnn
586 2414 614 2434 ιιι
647 2403 721 2434 allio
753 2407 899 2447 pretorio
930 2403 1163 2437 scribebantur
1193 2404 1350 2436 duximus
1381 2402 1548 2443 eligenda.
1581 2414 1644 2447 que
1675 2407 1866 2447 presentem
1893 2407 2041 2436 nostram
2063 2404 2262 2437 citacionem

383 2473 444 2495 sno
475 2466 567 2506 qnasi
599 2475 723 2495 sonoro
754 2467 914 2509 preconio
944 2470 972 2497 et
1006 2465 1116 2510 patulo
1148 2465 1267 2498 indicio
1300 2463 1525 2509 publicabunt.
1559 2466 1588 2496 in
1628 2462 1747 2508 quibus
1787 2466 1890 2508 ipsam
1927 2465 2126 2497 citacionem
2167 2463 2266 2497 modo

385 2526 548 2568 premisso
587 2525 799 2557 decerminus
839 2525 1085 2570 publicandum.
1124 2537 1163 2558 ne
1204 2527 1424 2571 prenominati
1464 2527 1523 2557 sic.
1565 2529 1593 2557 nt
1636 2527 1849 2569 preinittitun
1890 2527 1981 2558 citati
2021 2523 2062 2557 de
2091 2525 2266 2570 premissis

384 2585 524 2627 aliquam
567 2587 795 2620 igion-:unciani
837 2587 1038 2631 p1·eteml‹,·rc
1079 2586 1208 2619 valcant
1249 2598 1308 2619 scu
1348 2588 1454 2619 eciam
1490 2586 1660 2627 allegarcg
1692 2597 1766 2618 cnm
1798 2596 1862 2619 non
1893 2588 1934 2618 sit
1963 2584 2146 2619 verisunile
2175 2583 2262 2630 apud

385 2648 474 2689 ipsos
504 2648 550 2677 sic
581 2649 698 2678 citatos
731 2659 907 2680 remanere
939 2650 1156 2686 incon-muna.
1189 2647 1274 2692 qnod
1307 2651 1371 2680 tam
1404 2650 1555 2692 patenter
1585 2651 1614 2679 et
1646 2649 1778 2680 notorie
1817 2649 1925 2680 extitit
1963 2645 2117 2680 omnibus
2147 2644 2261 2692 publi—

384 2710 514 2737 catum:
546 2708 699 2739 xolentes
732 2708 965 2741 mclnlmninus
996 2713 1025 2740 et
1057 2709 1142 2741 dicta
1182 2707 1364 2753 apostolica
1396 2710 1594 2741 anctoritate
1626 2707 1861 2749 decernentes,
1901 2706 1988 2752 quod
2028 2706 2091 2740 licc
2121 2717 2262 2752 presens
