2347 3153
979 238 1050 272 119

74 351 106 382 et
124 349 226 394 partis
247 345 308 380 sibi
325 349 357 379 in
377 345 565 379 huiusmodi
581 355 682 378 causa
699 344 844 377 adverse
861 354 926 377 non
947 344 1174 388 comparentis
1192 341 1290 387 (sic).
1309 352 1417 386 neque
1439 344 1469 374 in
1486 340 1673 374 huiusmodi
1689 351 1789 374 causa
1809 340 1951 374 inliilieri

74 407 194 442 videre
224 409 384 440 curantis.
417 409 661 439 contumaciam
691 402 861 438 accusauit
891 407 1064 450 ipsamque
1103 407 1336 436 contumacem
1377 405 1522 448 reputari
1561 406 1591 435 et
1622 405 1652 435 in
1692 405 1794 448 ipsius
1824 406 1951 435 contu-

77 471 218 503 maciam
250 471 280 502 iu
311 466 500 501 huiusmodi
531 478 631 500 causa
663 477 756 500 more
785 465 881 499 solito
912 464 1055 498 inhiberi
1093 468 1124 497 et
1156 464 1270 497 literas
1309 463 1515 498 inliibitorias
1552 463 1591 497 ad
1631 468 1743 509 partes
1783 466 1813 496 in
1844 463 1950 496 l'orma

75 529 174 565 solita
203 533 234 563 et
264 532 425 562 consueta
457 528 594 561 decerni
625 539 685 573 per
714 538 775 561 nos
804 526 913 560 debita
943 538 1017 560 cum
1049 528 1213 559 instancia
1245 525 1434 571 postulavit.
1467 524 1536 558 Nos
1566 529 1643 558 tnnc
1672 525 1792 558 dictum
1815 526 1948 556 citatum

76 601 144 625 nou
173 593 424 636 comparentem
454 600 565 634 neque
595 588 780 622 huiusmodi
819 590 963 621 termino
1001 586 1199 620 satisfacere
1236 591 1408 620 curantem
1448 589 1676 632 reputavimus
1715 590 1948 619 contumacem

78 655 108 686 et
138 654 170 686 in
202 653 304 697 ipsius
342 653 586 684 contumaciam
616 650 655 683 ad
686 649 762 683 dicti
801 651 950 694 magistri
981 647 1154 682 wilhelmi
1195 647 1262 681 Leo
1299 650 1528 694 procuratoris
1566 647 1706 693 predicti
1751 649 1946 680 instanciam

77 711 176 747 vobis
205 712 399 746 reverendo
431 714 514 757 patri
545 711 681 745 domino
710 714 869 756 episcopo
899 710 1117 743 Olonmcensi
1149 712 1339 754 vestrisque
1360 712 1390 742 in
1412 708 1638 754 spiritualibus
1659 713 1688 741 ct
1711 706 1950 753 temporalibus

78 775 216 808 vicariis
244 777 276 807 et
307 772 506 806 officialibus
544 785 584 806 ac
623 773 765 805 dominis
800 771 909 804 abbati
944 770 1214 804 Zaworducensi
1251 770 1385 804 officiali
1425 769 1612 803 pataviensi
1649 769 1783 803 domiuo
1822 768 1952 802 Jodoco

78 833 268 869 marchioni
306 845 345 867 ac
386 836 557 879 preposito
596 838 627 866 et
662 832 806 878 capitulo
843 832 988 865 ecclesie
1023 834 1128 865 sancti
1174 830 1260 864 l’etri
1304 834 1335 865 in
1365 830 1498 864 Brunna
1537 835 1567 863 ct
1599 830 1754 864 conrado
1785 828 1952 863 Smerliek

77 894 300 941 omnibusque
329 895 402 929 aliis
431 899 460 928 et
492 894 631 939 singulis
660 894 858 939 supradictis
889 896 919 926 in
951 892 1139 926 huiusmodi
1171 904 1270 926 causa
1303 904 1395 926 more
1424 892 1521 926 solito
1551 892 1706 926 duximus
1736 890 1950 925 inhibendum

78 961 111 991 et
142 961 261 991 tenore
289 958 501 1002 presencium
533 954 732 990 inhibemus.
763 966 804 988 nc
839 964 899 987 vos
937 964 1055 987 omnes
1091 958 1121 987 et
1158 954 1279 998 singuli
1317 953 1498 999 supradicti
1536 958 1589 987 aut
1629 952 1761 987 cuilibet
1800 957 1950 985 vestrum

78 1017 213 1065 publice
243 1017 299 1051 vel
328 1017 460 1051 occulte
493 1020 522 1050 in
554 1016 769 1062 vilipendium
794 1014 1047 1061 litispendcncie
1069 1019 1098 1048 et
1119 1015 1371 1059 jurisdiccionis
1392 1020 1505 1049 nostre
1527 1015 1713 1048 huiusmodi
1735 1019 1766 1048 et
1788 1013 1950 1047 dictarum

79 1079 289 1113 dominarum
319 1076 488 1112 abbatisse
518 1082 550 1111 et
579 1082 767 1111 conventus
797 1075 1025 1122 principalium
1060 1076 1292 1121 prejudicium.
1324 1077 1376 1110 vel
1407 1080 1476 1122 ipse
1506 1075 1672 1109 abbatissa
1703 1080 1733 1108 et
1764 1079 1952 1108 conventus

79 1143 261 1174 viceversa
291 1142 322 1173 in
353 1138 573 1185 prejudicium
605 1142 678 1172 sive
708 1138 942 1171 detrimentum
975 1139 1078 1170 vestri
1109 1136 1232 1182 aliquid
1263 1140 1427 1171 innovare
1457 1139 1657 1183 presumatis
1686 1140 1876 1182 presumant
1901 1135 1954 1168 vel

79 1205 264 1248 presumat,
300 1211 361 1246 per
399 1211 461 1233 vos
501 1200 553 1232 vel
590 1199 788 1232 submissam
829 1208 1006 1244 personam
1047 1201 1237 1244 procuretis
1275 1203 1454 1244 procurent
1495 1201 1547 1232 vel
1586 1202 1755 1244 procuret.
1786 1197 1894 1230 donec
1924 1201 1954 1230 et

79 1272 258 1308 quousque
287 1272 388 1295 causa
418 1272 477 1294 seu
507 1272 608 1293 cause
640 1259 827 1293 huiusmodi
858 1258 963 1292 nobis.
995 1263 1027 1292 nt
1058 1258 1241 1304 prefertur.
1276 1263 1421 1293 comisse
1451 1271 1510 1305 per
1540 1271 1601 1293 nos
1621 1260 1675 1293 vel
1696 1259 1793 1292 alium
1817 1258 1954 1291 forsitan

81 1323 157 1357 loco
188 1325 293 1357 nostri
323 1325 353 1356 in
384 1322 572 1356 huiusmodi
611 1332 712 1355 causa
751 1321 996 1364 surroganduni
1034 1319 1221 1354 auditorem
1262 1320 1383 1354 fuerint
1423 1323 1609 1354 terminate.
1659 1320 1754 1361 Quod
1794 1322 1820 1353 si
1857 1330 1955 1352 secus

80 1383 208 1419 facium
236 1395 296 1418 seu
327 1387 555 1429 attemptatum
587 1383 696 1416 suerit.
728 1382 756 1415 id
788 1387 890 1415 totum
912 1383 1067 1414 revocari
1094 1384 1233 1421 curctis,
1255 1393 1329 1415 cum
1351 1393 1413 1416 nos
1435 1382 1509 1415 illud
1533 1393 1698 1415 revocare
1719 1386 1748 1414 et
1771 1381 1810 1414 ad
1833 1385 1953 1414 statum

81 1447 256 1492 pristinum
291 1444 456 1478 reducere
493 1443 684 1477 curabimus
718 1445 852 1487 justicia
890 1442 1066 1476 mediante.
1127 1440 1200 1482 Que
1235 1445 1345 1476 omnia
1384 1448 1415 1476 et
1453 1443 1584 1487 singula
1616 1442 1711 1476 vobis
1740 1441 1893 1475 omuibus
1923 1445 1954 1474 ct

81 1505 225 1551 singulis
253 1505 455 1552 supradictis
491 1507 680 1539 intimamus
710 1507 913 1537 insinuamus
951 1502 1159 1536 notificamus
1197 1507 1227 1535 et
1265 1504 1304 1536 ad
1344 1508 1491 1537 vestram
1531 1508 1561 1536 et
1601 1502 1772 1537 cuiiislilwt
1806 1507 1954 1535 vestrum

81 1570 241 1602 noticiam
269 1567 466 1601 deducimus
495 1570 526 1599 et
556 1566 675 1599 deduci
707 1565 860 1598 volumus
890 1575 950 1610 per
979 1568 1168 1609 presentes.
1190 1575 1232 1597 ne
1253 1564 1294 1598 de
1315 1568 1487 1610 premissis
1508 1565 1562 1598 vel
1583 1567 1822 1611 premissorum
1845 1563 1955 1608 aliquo

81 1627 226 1663 valeatis
253 1639 313 1662 seu
343 1627 453 1661 valeat
484 1630 713 1672 ignorant-iam
744 1627 887 1671 aliquam
919 1624 1121 1670 pretendere
1153 1625 1206 1658 vel
1238 1629 1343 1659 eciam
1373 1627 1534 1671 allegare.
1576 1625 1608 1659 ln
1639 1637 1779 1671 qnorum
1810 1627 1956 1658 omnium

82 1693 114 1724 et
145 1689 353 1734 singulorum
384 1688 481 1722 fidem
512 1693 542 1721 et
573 1691 796 1721 testimonium
828 1691 1002 1733 presentes
1033 1690 1145 1719 nostre
1179 1686 1390 1721 inhibicionis
1415 1687 1527 1721 literas
1548 1699 1606 1721 seu
1629 1698 1768 1733 presens
1789 1685 1955 1731 publicum

85 1752 342 1784 instrumentum
373 1749 560 1783 huiusmodi
591 1754 738 1782 nostram
770 1747 1004 1782 inbibicionem
1036 1750 1066 1780 in
1096 1757 1134 1780 sc
1174 1750 1383 1782 continentes
1412 1760 1470 1781 seu
1506 1751 1681 1782 continens
1719 1746 1842 1780 exinde
1882 1746 1952 1779 lieri

82 1815 115 1844 et
147 1821 207 1857 per
236 1809 443 1845 Fridericum
473 1814 637 1844 notarium
670 1809 834 1856 publicum
866 1812 1082 1852 nostrumque
1111 1812 1143 1841 et
1180 1808 1366 1842 huiusmodi
1404 1820 1504 1843 cause
1541 1821 1655 1843 coram
1686 1807 1781 1842 nobis
1810 1807 1954 1841 scribam

83 1870 335 1918 infrascriptum
365 1871 530 1905 subscribi
560 1876 590 1903 et
622 1870 782 1917 publicari
814 1870 1044 1903 uiandavunus
1075 1872 1250 1915 nostrique
1284 1870 1381 1915 sigilli
1413 1872 1573 1914 jussimus
1612 1873 1818 1916 appensione
1857 1881 1957 1902 coui-

85 1934 218 1967 muniri.
266 1931 387 1967 Datum
426 1938 458 1966 et
487 1937 596 1966 actum
636 1931 742 1966 Rome
780 1935 809 1964 in
847 1931 975 1976 palacio
1013 1930 1135 1963 domini
1172 1934 1276 1964 nostri
1319 1942 1403 1977 pape
1443 1943 1546 1977 prope
1586 1931 1761 1964 Basilicam
1801 1932 1959 1976 principis

83 1993 311 2040 apostolorum
349 1993 390 2027 de
429 1993 510 2027 urbe
549 1994 601 2027 die
640 1994 804 2027 dominica
846 1995 1004 2025 vicesima
1041 1991 1188 2026 secunda
1237 1995 1361 2026 mensis
1399 1992 1476 2036 Maji
1516 1992 1576 2025 sub
1611 2004 1698 2026 anno
1734 2003 1750 2024 a
1788 1994 1960 2024 nativitate

85 2053 214 2088 domiui
245 2053 423 2089 millesimo
453 2054 785 2100 quadringentesimo
816 2057 921 2099 primo
960 2054 1145 2086 indiccione
1181 2064 1267 2087 nona
1299 2053 1506 2099 pontificatus
1535 2056 1735 2087 sanctissimi
1766 2056 1796 2086 in
1827 2053 1960 2086 Clu-isto

88 2116 192 2161 patris
220 2119 252 2148 et
285 2115 408 2149 domini
449 2119 553 2149 nostri
591 2115 716 2149 domim
757 2113 917 2148 Bouil'acii
962 2115 1072 2147 divina
1117 2115 1342 2159 providencia
1388 2126 1470 2160 pape
1514 2118 1590 2148 noni
1633 2126 1720 2148 anno
1763 2114 1961 2146 duodecimo

88 2175 302 2222 presentibus
334 2175 454 2210 ibidem
485 2177 638 2210 discretis
669 2178 750 2209 viris
780 2180 940 2219 magistro
973 2174 1118 2208 lleurico
1149 2174 1190 2208 de
1226 2174 1421 2221 Dynslalien
1452 2179 1580 2208 notario
1615 2175 1745 2221 publico
1783 2173 1961 2219 scribaque

87 2240 206 2271 nostro
234 2241 266 2270 et
299 2235 482 2271 Hilbrando
512 2237 659 2271 Scheme
689 2237 822 2270 clericis
852 2237 1062 2269 t'nloniensis
1091 2240 1121 2268 et
1159 2235 1426 2270 l'adebrnnensis
1455 2238 1600 2270 diocesis
1629 2235 1767 2269 testibus
1801 2235 1841 2269 ad
1878 2247 1961 2281 pre-

87 2301 188 2333 missa
219 2301 348 2332 vocatis
378 2298 569 2345 specialiter
598 2303 629 2331 et
661 2301 797 2338 rogatis.

247 2358 287 2394 Et
316 2371 382 2403 ego
414 2358 606 2393 Fridericus
626 2358 799 2393 Jobannes
821 2359 937 2392 lielow
960 2360 1102 2391 clericus
1124 2358 1220 2392 Wrat
1235 2359 1423 2392 islavicnsis
1445 2359 1589 2392 diocesis
1611 2358 1759 2403 publicus
1780 2358 1964 2403 apostolica

89 2425 122 2455 et
155 2421 316 2467 imperiali
346 2424 544 2454 auctoritate
574 2424 721 2454 notarius
750 2426 813 2454 etc.

405 2500 495 2530 l‘lt'lk'.
525 2500 605 2530 Peru.
632 2501 679 2525 init
708 2501 833 2532 atiliuiig,
861 2500 918 2530 διμ.
946 2500 979 2524 lin
1008 2499 1135 2524 lirinum-r
1160 2500 1365 2524 Sontini-einim
1403 2499 1435 2526 N,
1465 2499 1483 2525 l.
1517 2501 1573 2526 l·..',i
