2347 3153
1308 194 1376 251 17i3

409 329 497 360 xime
526 329 705 372 preteritos
734 325 951 370 parrochialis
981 325 1123 357 ecelesia
1154 325 1260 356 sancti
1289 321 1405 354 Jacobi
1427 321 1467 354 de
1496 321 1603 365 burgo
1626 320 1814 354 Brunnensi
1835 320 1921 354 dicte
1943 320 2087 354 diocesis
2107 323 2271 354 canonice

408 386 505 420 fuerit
535 389 622 420 unita
653 397 784 420 annexa
815 391 845 419 et
875 389 1085 430 incorporata
1117 383 1284 417 abbatisse
1322 387 1353 415 et
1383 385 1562 415 couventui
1593 381 1670 415 dieti
1700 384 1906 419 monasterii.
1936 384 2076 427 ipseque
2105 380 2273 415 abbatissa

408 453 437 481 et
475 453 673 482 conventus.
695 459 758 492 que
779 458 838 492 pro
861 451 1010 492 tempore
1032 445 1175 478 suerunt.
1198 448 1319 477 extunc
1342 446 1472 476 inantea
1503 445 1658 476 continue
1675 446 1707 475 et
1726 445 1903 488 presertim
1934 453 1951 475 a
1991 442 2118 484 decem,
2140 445 2273 487 viginti,

408 511 553 553 triginta.
583 508 805 553 quadriginta.
835 509 1072 552 quinquaginta
1094 507 1271 549 sexaginta
1293 508 1323 537 et
1353 508 1486 537 centum
1507 506 1601 536 annis
1622 506 1775 548 proxime
1804 505 1973 548 preteritis
2003 506 2160 537 continue
2188 505 2270 536 citra

407 574 437 602 et
467 580 565 614 supra
595 580 725 602 necnon
755 580 772 601 a
803 573 892 601 tanto
923 572 1085 611 tempore.
1126 568 1218 599 cuius
1256 568 1344 598 inicii
1383 575 1442 597 seu
1472 566 1630 597 contrarii
1661 567 1820 597 memoria
1850 563 2020 597 hominum
2050 575 2116 598 non
2146 566 2270 605 existit,

406 641 443 663 ac
473 629 638 664 abbatissa
670 634 699 663 et
730 633 915 663 conventus
946 627 1105 660 moderne
1136 626 1211 659 dicti
1242 628 1434 659 monasterii
1464 636 1524 671 pro
1553 636 1668 658 earum
1699 629 1851 670 tempore
1872 624 1993 658 dictam
2023 624 2268 670 parrochialem

406 691 581 724 ecclesiam
613 696 777 735 tamquam
808 693 856 722 eis
887 694 918 722 et
948 688 1035 721 dicto
1066 698 1179 720 earum
1212 689 1415 720 monasterio
1445 688 1607 719 canonice
1637 689 1882 731 incorporatam
1903 689 2027 719 unitam
2049 690 2082 719 et
2101 696 2268 719 annexam

405 752 607 796 posederint.
637 751 809 784 habuerint
840 754 871 783 et
901 751 1064 782 tenuerint
1096 748 1302 792 fructusque.
1340 747 1489 781 redditus
1527 752 1559 781 et
1587 751 1771 792 proventus
1801 757 1845 779 ex
1874 746 1995 779 eadem
2024 749 2269 792 provenientes

404 815 532 845 unionis
563 814 851 857 incorporacimus
881 815 912 843 et
941 812 1139 843 annexionis
1170 808 1395 854 predictorum
1434 811 1614 842 occasione
1634 811 1862 853 perceperint.
1896 810 2077 853 exegerint
2105 812 2138 841 et
2166 807 2269 841 leva—

403 876 511 905 verint
541 873 581 906 de
611 873 804 917 eisdemque
833 871 1015 904 secuudum
1045 881 1159 903 earum
1191 869 1313 903 libitum
1343 870 1525 903 voluntatis
1554 869 1781 914 disposuerint
1809 868 2005 911 scientibus,
2036 867 2268 903 tollerantibus
2313 891 2316 895 -

402 938 431 965 et
463 945 527 966 uon
558 932 863 966 contradicentibus
892 934 1069 977 prepositis
1108 933 1280 965 canonicis
1309 935 1341 963 et
1370 930 1513 976 capitulo
1543 930 1629 964 dicte.
1659 930 1804 964 ecclesie
1834 933 1939 963 sancti
1970 929 2056 963 Petri
2087 940 2147 975 pro
2177 934 2269 963 tem-

403 1005 482 1039 pore
512 993 732 1027 existentibus
762 998 793 1026 et
824 995 981 1039 precipue
1010 994 1193 1037 preposito.
1224 991 1379 1036 capitulo,
1411 995 1443 1024 et
1471 990 1628 1024 Conrado
1658 990 1867 1025 Smeerbeck
1893 993 2056 1025 canonico
2084 990 2266 1036 prelibatis.

402 1054 440 1087 Et
472 1055 547 1088 licet
577 1055 682 1087 dictus
712 1055 863 1088 domiuus
893 1057 1006 1087 noster
1027 1053 1219 1086 Bonil'acius
1249 1063 1332 1098 papa
1362 1063 1481 1086 nouus.
1511 1055 1686 1098 premissis
1706 1063 1767 1098 per
1787 1063 1862 1085 cum
1893 1055 2053 1097 acceptis,
2083 1052 2267 1099 predictam

400 1115 643 1161 parrochialem
675 1116 852 1149 eeclesiam
884 1113 1052 1160 prelibatis
1089 1112 1285 1146 dmuiuabus
1314 1112 1483 1147 abbatisse
1522 1118 1553 1146 et
1587 1116 1768 1159 conventui
1807 1124 1849 1146 ex
1888 1112 2196 1159 superhabundauti
2227 1113 2267 1147 de

400 1188 488 1209 novo
519 1180 673 1211 univerit.
705 1178 971 1222 incorporaverit
988 1179 1019 1208 et
1035 1178 1222 1209 annexerit.
1242 1174 1395 1218 dicteque
1412 1173 1579 1208 abbatissa
1596 1179 1627 1207 et
1644 1178 1831 1208 conventus
1860 1173 2048 1207 huiusmodi
2077 1173 2266 1208 ultimorum

406 1241 692 1283 iucorporaciouis
713 1243 743 1271 et
762 1240 961 1271 annexionis
979 1239 1099 1281 vigore
1118 1238 1370 1281 possessionem
1393 1235 1479 1268 dicte
1504 1235 1723 1281 parrochialis
1753 1235 1898 1269 ecclesie
1928 1237 2199 1269 continuaverint
2228 1246 2267 1268 ac

399 1301 501 1344 ipsam
520 1299 763 1344 parrochialem
781 1299 957 1332 ecclesiam
977 1302 1107 1331 teneant
1125 1301 1156 1330 et
1173 1296 1376 1342 possideant.
1396 1296 1489 1329 salva
1506 1299 1739 1330 controversia
1757 1299 1916 1342 presenti,
1933 1295 2072 1342 pacifice
2089 1301 2120 1330 et
2137 1298 2268 1341 quiete;

397 1371 595 1405 quamquain
626 1363 731 1394 eciam
754 1360 848 1393 dictis
864 1361 1035 1405 preposito
1065 1358 1211 1403 capitulo
1228 1362 1260 1390 et
1276 1357 1433 1390 Conrado
1453 1360 1616 1391 canonico
1638 1357 1782 1391 ecclesie
1812 1360 1918 1391 sancti
1941 1356 2029 1390 Petri
2059 1357 2183 1391 nullum
2209 1359 2266 1402 jus

397 1425 561 1466 competat
594 1424 623 1454 in
655 1421 799 1454 ecclesia
818 1424 999 1454 memorata
1030 1430 1088 1452 seu
1118 1419 1156 1451 ad
1188 1430 1273 1461 cam.
1304 1418 1536 1452 nichilominus
1558 1424 1667 1452 tamen
1689 1430 1725 1452 se
1747 1421 1964 1464 possesisoui„
1994 1417 2160 1452 fructuum
2181 1429 2266 1464 per-

397 1484 559 1527 cepcioni.
578 1486 688 1515 unioni
711 1484 976 1527 incorparacioni
993 1483 1174 1514 annexioni
1190 1484 1221 1512 et
1237 1480 1309 1512 aliis
1340 1480 1508 1524 predictis.
1540 1491 1670 1513 necnon
1687 1481 1767 1523 juri.
1797 1480 1923 1513 eisdem
1946 1478 2142 1513 dominabus
2158 1478 2268 1513 abba—

396 1547 477 1576 tisse
489 1548 520 1576 et
537 1547 716 1577 couventui
735 1547 764 1577 in
783 1543 867 1577 dicta
885 1542 1085 1589 parrochiali
1102 1541 1245 1574 ecclesia
1266 1545 1297 1573 et
1314 1540 1353 1573 ad
1373 1551 1445 1573 eam
1459 1543 1671 1586 competenti.
1689 1545 1816 1574 temere
1832 1540 1915 1574 etde
1928 1540 2029 1581 sacto,
2046 1551 2120 1574 cum
2138 1540 2267 1584 dejure

396 1615 460 1637 non
478 1609 652 1649 potueruut
670 1616 778 1650 neque
799 1608 947 1650 possunt.
974 1606 1199 1648 opposuerunt
1222 1606 1250 1634 et
1273 1605 1442 1646 opponunt
1465 1602 1777 1647 impediveruntque
1799 1606 1831 1634 et
1852 1601 2035 1646 impediunt
2055 1612 2094 1635 ac
2114 1600 2267 1635 fecerunt

396 1670 424 1697 et
467 1666 599 1699 l'aciuut.
639 1669 814 1711 quominus
853 1665 969 1699 eedem
1007 1665 1139 1697 domine
1178 1662 1345 1695 abbatissa
1391 1667 1422 1695 et
1462 1668 1648 1697 conventus
1687 1667 1813 1708 possint
1852 1663 1972 1696 dictam
2018 1662 2264 1708 parrochialem

396 1727 572 1759 ecclesiam
604 1727 742 1772 paciiice
773 1732 887 1760 tencre
917 1730 947 1759 et
978 1724 1152 1771 possidere
1181 1736 1218 1756 ac
1250 1723 1390 1756 fructus.
1424 1724 1571 1757 redditus
1600 1729 1632 1758 et
1660 1729 1845 1770 proventus
1866 1735 1909 1757 ex
1927 1723 2045 1757 eadem
2076 1726 2264 1769 percipere,

396 1790 550 1832 ipsasque
579 1799 679 1833 super
709 1788 824 1821 eadem
865 1792 896 1819 et
933 1790 1003 1819 eius
1042 1788 1221 1818 occasione
1261 1784 1485 1829 multipliciter
1522 1790 1686 1819 vexarunt
1718 1785 1936 1818 molestat-unt
1966 1789 1999 1818 ct
2028 1783 2265 1830 perturbarunt

392 1860 430 1881 ac
460 1854 582 1881 vexant
617 1849 790 1882 molestant
821 1853 849 1880 et
882 1847 1074 1894 perturbant
1117 1850 1145 1879 iu
1186 1849 1370 1879 animarum
1411 1857 1544 1879 suarum
1584 1847 1765 1892 periculum
1797 1851 1829 1877 etv
1859 1846 2022 1879 dictarum
2054 1846 2262 1879 dominarum

393 1909 560 1942 abbatisse
590 1914 619 1942 et
651 1914 838 1943 conventus
868 1920 932 1942 uon
963 1908 1126 1941 modicum
1150 1907 1379 1952 preiudicium.
1414 1908 1589 1953 dampnum
1620 1913 1651 1940 et,
1672 1918 1869 1951 gravamen,
1903 1906 2017 1948 Quare
2047 1909 2127 1952 petit
2157 1906 2265 1941 (lictus

394 1975 602 2015 procurator.
634 1974 767 2003 nomine
797 1982 862 2015 quo
891 1981 1001 2014 supra.
1034 1980 1093 2014 per
1123 1980 1185 2002 vos
1216 1968 1441 2001 reverendum
1479 1974 1605 2014 patrem
1643 1972 1860 2012 vesti-ammio
1891 1970 2099 2001 sentenciam
2131 1966 2263 2001 diffini-

394 2034 492 2063 tivam
525 2035 737 2077 pronunciari
777 2032 911 2064 decerni
952 2034 980 2062 et
1021 2030 1195 2065 ‹lecim-ari,
1234 2032 1390 2061 unionem
1432 2032 1655 2062 annexiouem
1691 2033 1721 2061 et
1752 2031 2064 2074 incorporacionem
2097 2029 2263 2075 predictas

394 2097 422 2124 et
455 2096 563 2125 onmia
595 2092 669 2125 inde
699 2097 812 2125 scfcuta
853 2092 956 2124 l'uisse
996 2096 1026 2124 et
1064 2102 1139 2124 esse
1175 2092 1357 2123 canonicas
1397 2094 1427 2122 et
1464 2093 1625 2123 canonica
1664 2101 1827 2134 suumque
1867 2088 2013 2123 debitum
2044 2088 2201 2123 debuisse
2231 2094 2264 2123 et

394 2153 518 2186 debere
548 2157 657 2186 sortiri
689 2154 855 2186 ellectum.
886 2154 1073 2197 dictamque
1103 2151 1347 2197 parrochialem
1380 2151 1557 2184 ecclesiam
1594 2151 1633 2183 ad
1665 2150 1843 2195 prelibatus
1874 2150 2028 2183 dominas
2059 2149 2262 2184 abbatissam

394 2218 423 2246 et
455 2219 656 2247 conventum
688 2219 719 2247 et
749 2214 870 2246 (lictum
903 2225 1016 2246 earum
1045 2215 1282 2245 monasterium
1305 2216 1478 2256 spectasse
1499 2216 1529 2244 et
1551 2214 1761 2257 pertinuisse.
1793 2223 1830 2243 ac
1861 2215 2018 2257 spectare
2040 2215 2072 2244 et
2093 2214 2263 2257 pertinere

394 2276 432 2308 de
459 2278 546 2318 jure.
565 2276 692 2320 sibique
709 2276 848 2308 eandem
866 2274 1118 2308 :uliiulicaudam
1138 2274 1209 2306 sore
1226 2277 1254 2305 et
1281 2284 1339 2317 per
1357 2284 1418 2306 vos
1435 2273 1629 2307 adiudicari.
1666 2283 1794 2305 uecuon
1822 2274 1992 2317 preposito
2009 2276 2041 2305 et
2058 2272 2203 2317 capitulo
2223 2283 2263 2305 ae

394 2337 548 2369 Pom-:ulo
578 2339 740 2369 canonico
772 2335 942 2381 prelibatis
965 2338 993 2368 in
1016 2335 1100 2368 dicta
1124 2333 1321 2379 parrochiali
1344 2333 1486 2366 ccclesia
1509 2345 1566 2366 seu
1589 2333 1627 2365 ad
1650 2344 1722 2365 eam
1745 2333 1866 2365 nullum
1884 2331 1939 2379 jus
1960 2335 2182 2377 compeciisse
2202 2343 2260 2366 seu

394 2402 597 2441 competere.
621 2400 923 2442 opposicionesque
943 2396 1198 2428 molestaciones
1216 2397 1422 2427 vexat-iones
1440 2394 1712 2440 pcrturluicioues
1734 2398 1761 2425 et
1786 2393 2020 2439 impedimenta
2043 2394 2209 2440 predictas
2230 2397 2263 2427 et

395 2458 540 2501 predicta
573 2457 674 2489 l'uisse
705 2462 734 2488 et
757 2469 832 2490 esse
855 2459 1049 2489 temerarias
1077 2456 1203 2489 illicitas
1234 2460 1265 2488 ct
1296 2458 1444 2489 iniustas.
1475 2458 1652 2488 temeraria
1694 2454 1801 2487 illicita
1832 2459 1864 2487 et
1885 2457 2002 2488 iniusta
2033 2465 2072 2488 ac
2102 2454 2142 2488 de
2172 2454 2261 2488 facio

395 2523 601 2563 pri—sumptas
632 2523 659 2549 et
685 2522 874 2562 presumpta
906 2517 1067 2561 dictisque
1099 2516 1240 2549 dominis
1272 2519 1453 2561 preposito.
1485 2515 1627 2561 capitulo
1657 2520 1686 2547 et
1719 2515 1874 2548 voni-ado
1904 2517 2068 2548 canonico
2099 2517 2128 2548 in
2159 2514 2200 2548 de
2230 2519 2263 2548 et

395 2588 493 2621 super
514 2577 785 2623 opposiciouibus
808 2576 1101 2610 molestaciouibus
1125 2575 1731 2621 vexaciouiluisperturbacionibuset
1747 2576 2041 2621 impedimentisac
2060 2574 2260 2621 parrochiali

396 2639 537 2670 ecclesia
561 2639 717 2684 pri-dietis
748 2643 942 2683 perpetuum
974 2638 1145 2670 silem-ium
1178 2637 1413 2683 iuqmuendnm
1443 2637 1514 2670 i'ore
1535 2641 1563 2669 et
1587 2648 1646 2682 per
1668 2648 1728 2669 vos
1751 2639 1884 2682 imponi.
1905 2646 2035 2669 necnon
2057 2638 2261 2682 prepositum

395 2702 425 2730 el
448 2699 621 2742 <willardum
644 2711 681 2730 ac
704 2699 892 2731 ('ouru‹lum
915 2702 1110 2731 canonicum
1135 2698 1312 2743 prelibatos
1335 2701 1364 2731 in
1386 2700 1544 2743 expensis
1575 2700 1604 2730 iu
1636 2697 1822 2729 huiusmodi
1853 2709 1952 2730 causa
1985 2697 2133 2737 legitime
2163 2695 2259 2730 factis
