2347 3153
1100 211 1148 245 33

153 343 158 348 .
180 321 406 363 mittimusque
436 318 521 352 bona
553 318 616 351 lide
645 317 839 351 christiana.
871 328 970 350 manu
1001 320 1178 350 coniuncta
1209 329 1327 352 omncs
1351 322 1381 351 in
1404 318 1547 352 solidum
1572 329 1635 351 non
1661 317 1781 351 divisa.
1804 318 1899 351 «lictis
1921 318 2064 352 dominis

180 382 350 426 preposito
381 382 485 425 priori
514 384 546 412 et
575 381 758 413 conventui
797 381 992 412 monasterii
1023 382 1054 411 et
1085 378 1211 413 ordinis
1243 380 1467 424 predictorum
1499 392 1515 412 a
1548 380 1633 413 l'esto
1670 382 1775 413 sancti
1807 378 1945 423 Georgii
1977 390 2064 413 nunc

178 444 335 488 proxime
363 441 506 474 affuturo
534 441 573 473 ad
605 440 690 474 duos
718 450 824 474 annos
854 440 1019 473 inclusive
1049 444 1138 474 omni
1170 444 1243 474 sinc
1273 441 1404 474 malicia
1435 441 1512 474 dolo
1541 446 1595 473 ant
1626 440 1744 474 fraude
1774 440 1854 473 dare
1876 445 1905 473 et
1928 440 2064 474 solvere

179 502 324 537 reddere
353 506 386 535 et
415 502 625 546 integraliter
654 505 834 535 restituere
863 503 1004 547 pecunia
1037 504 1066 534 in
1098 506 1212 546 parata
1243 501 1394 547 plenarie
1424 513 1463 535 ac
1494 505 1524 535 in
1555 506 1635 535 toto.
1667 502 1833 546 Quodque
1860 513 1890 535 in
1917 500 2062 546 quolibet

179 563 407 610 predictorum
438 562 580 596 duorum
610 573 789 596 annorum.
820 566 853 595 ut
884 561 1115 607 prescribitur.
1147 567 1176 596 et
1209 562 1303 596 festis
1331 565 1437 596 sancti
1468 562 1666 596 Wenceslai
1695 563 1820 596 scilicet
1852 565 2007 608 proxime
2033 567 2066 595 ct

179 627 337 659 continue
365 627 532 658 secuturis
562 635 659 657 unam
703 634 849 657 marcam
886 633 1085 667 grossorum
1123 623 1337 658 denariorum
1377 629 1409 658 et
1450 627 1579 658 numeri
1614 626 1684 668 jam
1724 624 1888 657 dicim-um
1926 627 2064 657 racione

180 687 255 721 veri
284 690 317 720 et
345 685 424 720 nudi
453 696 576 719 census
605 688 682 719 anni
714 687 908 718 memoratis
937 684 1080 718 dominis
1109 689 1282 731 preposito
1312 688 1415 732 priori
1445 690 1475 718 et
1506 689 1687 719 conventui
1719 690 1872 719 tenemur
1901 690 1931 719 et
1954 684 2063 718 ‹lt—lw-

178 746 287 782 bimus
315 746 458 781 fideliter
487 758 664 780 censuare.
698 745 830 791 Elapsis
862 757 945 780 vero
975 749 1070 780 annis
1101 746 1231 780 duobus
1259 750 1498 793 suprascriptis
1529 758 1606 780 mox
1637 747 1775 792 prefatis
1805 747 1948 780 dominis
1979 758 2062 792 prc-

178 811 289 856 posito
317 811 420 855 priori
450 813 482 841 et
511 810 694 841 conventui
735 818 834 841 unam
875 818 1022 841 marcam
1053 818 1252 852 grossorum
1290 808 1506 842 denariorum
1545 814 1575 842 ct
1615 811 1744 842 numeri
1775 808 2001 854 predictorum
2032 811 2063 841 in

179 872 284 904 certis
311 868 409 903 bonis
438 872 562 903 nostris
592 869 724 903 mundis
754 874 785 902 et
815 868 930 902 liberis
959 869 1141 902 ostendere
1171 869 1385 915 prescribere
1415 874 1445 903 et
1477 873 1655 915 assignare
1686 869 1874 903 tenebimur
1900 875 1931 903 et
1953 869 2064 903 debe—

179 930 301 966 bimus.
337 936 393 964 aut
429 934 635 964 memoratas
675 930 793 964 deceni
835 941 965 964 marcas
1002 929 1230 976 predictorum
1267 942 1466 975 grossorum
1505 931 1721 965 denariorum
1761 936 1790 964 et
1830 934 1960 965 numeri
1991 943 2064 965 cum

179 991 335 1026 omnibus
364 991 529 1038 dampnis,
559 994 721 1037 expensis
750 994 780 1025 et
812 994 990 1026 interesse.
1029 1002 1115 1037 quos
1143 991 1221 1025 dicti
1261 995 1464 1038 prepositus.
1504 995 1596 1038 prior
1625 997 1654 1026 et
1695 997 1884 1027 conventus
1924 993 1978 1026 vel
2015 997 2063 1027 sui

179 1052 343 1097 facerent,
373 1055 585 1087 incurrerent
614 1063 674 1086 seu
705 1056 909 1086 sustinerent
941 1051 983 1086 ob
1015 1063 1141 1086 moram
1172 1056 1247 1086 sive
1277 1054 1506 1088 tardacioncm
1538 1054 1722 1088 solucionis
1744 1054 1843 1087 debiti
1865 1054 2060 1100 supradicti.

178 1113 323 1149 reddere
351 1114 433 1148 dare
462 1114 602 1148 solvere
632 1119 662 1147 et
693 1114 894 1148 satisfacere
923 1113 984 1147 sub
1014 1117 1161 1148 omnium
1192 1119 1382 1148 nostrornm
1414 1119 1555 1161 puritate
1586 1115 1662 1149 fidei
1685 1115 1850 1149 commodi
1873 1120 1902 1149 et
1927 1115 2065 1149 lionoris

178 1178 321 1222 pecunia
350 1178 383 1210 in
412 1180 539 1221 parata.
571 1174 666 1216 Quod
699 1178 725 1209 si
756 1178 920 1221 premissa
950 1179 1003 1208 aut
1044 1175 1165 1220 aliquid
1197 1179 1438 1221 premissorum
1470 1176 1724 1210 violaveritiiiis.
1755 1177 1843 1221 quod
1873 1176 1969 1211 absit.
2010 1182 2062 1210 ant

179 1239 442 1273 cassaverimus.
472 1241 596 1271 extunc
626 1240 699 1283 ipso
729 1236 817 1270 sacto
852 1239 1044 1282 prepositus
1076 1240 1168 1282 prior
1206 1242 1236 1270 et
1268 1242 1457 1271 conventus
1496 1238 1676 1283 supradicti
1717 1237 1854 1272 liberam
1896 1238 2063 1271 habebunt

178 1303 211 1333 et
239 1297 363 1332 habent
392 1297 584 1332 facultatem
614 1309 653 1331 ac
683 1303 884 1344 potestaten]
918 1298 1100 1344 plenariam
1132 1298 1342 1344 supradictas
1372 1299 1489 1333 deceni
1521 1310 1652 1333 marcas
1678 1310 1875 1343 grossorum
1899 1299 2064 1333 denario-

178 1371 251 1394 rum
289 1365 322 1394 et
358 1363 490 1394 numeri
525 1360 755 1405 predictorum
786 1365 816 1392 ct
847 1370 986 1393 censum
1018 1371 1084 1393 non
1114 1360 1271 1394 solutum.
1303 1365 1333 1393 nt
1364 1361 1544 1406 prefertur.
1576 1372 1650 1394 cuin
1681 1360 1836 1394 omnibus
1866 1366 1896 1394 ct
1922 1361 2064 1405 singulis

178 1421 331 1468 dampnis
359 1421 484 1455 exinde
513 1420 660 1455 subortis
689 1432 792 1467 super
822 1426 935 1454 nostra
967 1421 1110 1467 dampna
1142 1425 1321 1466 omniaque
1343 1426 1373 1454 et
1394 1422 1525 1465 sing-uta
1549 1421 1634 1455 bona
1657 1421 1791 1455 mobilia
1815 1426 1843 1455 et
1867 1421 2062 1456 immobilia.

178 1482 411 1518 ecclesiastica
442 1482 496 1516 vel
527 1482 706 1516 mundana.
736 1485 916 1528 presencia
956 1487 986 1515 ct
1027 1482 1135 1516 sutura
1177 1482 1365 1528 ubicunque
1403 1486 1590 1517 existencia
1635 1488 1665 1517 et
1705 1487 1825 1529 posita.
1867 1487 1897 1517 in
1931 1483 2061 1527 judicio

177 1544 341 1591 spirituali
370 1544 425 1578 vel
463 1544 611 1578 seculari
647 1547 851 1589 conquirere
891 1544 1011 1577 lucrari
1053 1543 1206 1578 obtinere
1245 1550 1275 1577 et
1313 1550 1481 1590 repetere.
1521 1544 1757 1578 occasionibus
1787 1545 2062 1579 conti-adiecione

177 1608 445 1651 testimoniisque
472 1605 545 1639 aliis
574 1605 829 1651 quibuscunque
861 1617 925 1639 non
956 1605 1166 1639 obstantibus
1196 1611 1249 1639 aut
1281 1607 1429 1652 querela.
1463 1605 1497 1640 In
1528 1609 1623 1640 cuius
1643 1609 1692 1639 rci
1716 1609 1940 1640 testimonium
1963 1611 2062 1652 atque

177 1666 282 1702 robur
311 1666 437 1701 firmius
465 1667 574 1713 sigilla
605 1671 720 1701 nostra
751 1667 792 1700 de
822 1673 913 1700 certa
945 1670 1093 1700 oninium
1124 1671 1154 1700 ct
1185 1667 1393 1712 singulorum
1425 1672 1615 1701 nostrornm
1648 1668 1820 1701 voluntate
1851 1673 1880 1701 ct
1912 1671 2058 1701 sciencia

176 1727 391 1774 presentibus
419 1732 493 1762 sunt
524 1739 684 1774 appensa.
715 1727 835 1762 Datum
866 1727 1027 1773 Zyroticz
1059 1731 1088 1761 in
1120 1732 1212 1762 curia
1242 1732 1316 1762 sive
1346 1729 1424 1762 dote
1446 1728 1667 1762 habitacionis
1690 1734 1804 1762 nosti-c
1826 1741 1914 1763 anno
1937 1730 2058 1763 domini

176 1787 325 1823 MCCCC
355 1789 408 1822 die
445 1793 683 1835 concepcionis
713 1788 810 1823 beate
841 1788 947 1822 Mai-1⁴·
986 1795 1149 1835 perpetue
1180 1793 1322 1835 virginis
1352 1795 1381 1823 ct
1414 1794 1528 1824 matris
1559 1790 1709 1823 eiusdem
1740 1791 1864 1824 domini
1895 1791 2060 1828 gloriose.

491 1860 584 1892 (stria.
611 1860 645 1885 ini
674 1860 790 1885 Kloster
815 1860 956 1887 Itium-rw
988 1861 1158 1888 iniiga-[livill
1186 1870 1247 1886 voni
1274 1862 1494 1887 Stiftsaretiivan-
1521 1862 1549 1887 l'.
1578 1862 1697 1887 Maurus
1725 1862 1851 1893 Κίμων.)

1080 2007 1155 2043 66.

176 2076 358 2111 ΝἰΙτοΙαηε.
397 2075 492 2111 Solen
533 2077 652 2110 Pelers
691 2090 753 2111 rou
797 2077 1019 2111 T1·1¹.s·l.·mril:·.
1049 2079 1158 2121 slislel
1189 2089 1259 2111 zum
1292 2078 1529 2112 illaricnnllm·
1573 2081 1604 2111 iu
1650 2081 1711 2111 dm·
1750 2079 1975 2123 l'sarrlfirclw
2022 2091 2060 2112 sn

470 2139 616 2183 Amqn'lz·
645 2140 744 2172 einen
775 2139 983 2172 Allarislen.
1019 2138 1073 2171 DJ.
1106 2139 1331 2172 All-Bruma.
1361 2139 1395 2173 9.
1430 2139 1626 2174 Des-malm·
1660 2140 1768 2173 lstoo.

311 2197 356 2252 'n
386 2220 521 2252 nomine
550 2222 666 2251 sanct(-
696 2223 726 2251 et
758 2218 927 2251 individuo·
958 2221 1112 2251 trinitatis
1150 2230 1259 2252 nnien.
1318 2218 1461 2263 Magnus
1499 2220 1653 2253 dominns
1693 2224 1722 2251 ct
1755 2218 1929 2252 laudabilis
1962 2223 2057 2253 nimis

177 2278 302 2314 Abisso
331 2278 529 2313 diviciarum
559 2282 732 2325 sapiencie
771 2290 831 2313 sne
869 2283 978 2312 omnia
1019 2279 1211 2325 replet-tens
1246 2284 1277 2313 ct
1317 2281 1546 2326 complectens
1586 2284 1755 2314 univi-rsa.
1798 2291 1834 2313 sc·
1878 2280 2057 2314 virtutibus

174 2339 388 2386 magnificum
419 2344 450 2373 et
482 2344 656 2374 maiestate
685 2341 872 2386 gloriosum
905 2344 935 2374 in
966 2343 1035 2373 suis
1065 2343 1191 2374 sanctis
1220 2341 1346 2375 laudari
1376 2345 1544 2375 constituit
1575 2347 1604 2373 ct
1636 2346 1717 2374 recti
1757 2352 1899 2375 censura
1934 2342 2049 2385 judicii

172 2404 301 2436 censuit
333 2404 502 2435 venerari.
534 2405 565 2434 ut
595 2401 683 2447 quod
715 2407 828 2435 nostra
861 2401 1025 2438 fragilitas
1057 2412 1121 2434 non
1157 2405 1313 2447 suppetit.
1354 2405 1412 2448 ipsi
1453 2406 1482 2436 in
1521 2405 1635 2439 regnis
1674 2405 1843 2435 constituti
1874 2402 2054 2437 celestibus

171 2461 269 2497 uobis
296 2460 469 2496 obtineant
498 2465 648 2508 copiose.
682 2462 772 2496 Bene
802 2474 885 2499 ergo
917 2467 946 2494 ct
979 2465 1097 2496 merito
1127 2462 1166 2495 ad
1197 2462 1311 2496 divine
1343 2463 1448 2497 landis
1478 2464 1617 2499 moriam
1641 2463 1757 2496 altaria
1779 2463 1840 2496 sub
1860 2468 2053 2497 sanctoruni

173 2525 350 2568 eriguntur
380 2522 492 2559 titulis.
533 2527 564 2556 ut
602 2534 718 2557 eorum
761 2522 837 2556 inibi
878 2523 1095 2570 implorantes
1131 2524 1253 2557 auxilia
1292 2529 1356 2558 tani
1396 2527 1562 2570 presentis
1602 2535 1699 2568 qnam
1738 2524 1848 2557 l'utnre
1889 2525 2055 2559 felicitatis

172 2587 289 2619 mnia
319 2586 582 2629 consequantur.
616 2584 654 2618 Et
685 2585 760 2618 licet
801 2585 934 2618 demum
965 2596 1024 2618 ore·
1062 2584 1258 2631 prophetico
1294 2588 1325 2619 in
1366 2588 1534 2619 universis
1571 2588 1695 2618 sanctis
1731 2585 1868 2619 laudare
1900 2589 2053 2620 nitemur.

174 2649 321 2680 maxime
350 2650 461 2680 tamen
492 2649 523 2680 in
555 2645 748 2680 beatissime
778 2646 829 2679 clei
860 2648 1034 2689 «genitricis
1075 2649 1215 2691 virginis
1245 2645 1363 2680 Marte.
1394 2658 1458 2691 qm·
1488 2648 1634 2679 oninium
1665 2650 1858 2679 sanctoruni
1898 2651 2050 2693 conci-pit

174 2711 208 2741 et
235 2710 365 2754 peperit
395 2707 603 2741 conditorem
635 2707 846 2753 fructumque
876 2708 991 2741 salutis
1021 2711 1183 2753 perpetue
1213 2706 1308 2740 nobis
1337 2708 1455 2740 attulit.
1476 2706 1572 2739 (lecet
1596 2706 1683 2740 linnc
1704 2709 1838 2740 sonoris
1860 2711 2045 2754 impnorinn

1904 2775 1948 2800 11·
