2347 3153
1059 172 1132 206 355

157 289 217 325 pro
246 282 278 311 et
307 289 351 311 ex
376 289 428 312 eo.
460 280 535 324 quia
556 290 594 313 sc
614 278 709 312 dictis
730 276 945 324 processibus
967 277 1089 312 domiui
1113 277 1244 312 Patricii
1266 276 1395 311 abbatis
1416 276 1595 311 Scotorum
1619 281 1648 311 iu
1670 277 1817 312 Wicnna
1840 282 2034 312 executoris

157 341 373 374 innovacioni
403 343 434 372 ut
467 342 668 385 premittitur
696 341 850 385 opposuit
879 342 1207 373 excommumeatum
1238 338 1434 372 denunciari
1465 338 1627 373 facerent.
1659 341 1832 384 requisivit
1855 343 1884 372 et
1909 342 2031 373 monuit

156 405 190 435 et
218 403 267 435 sic
297 399 356 434 suit
385 405 417 434 et
448 405 496 434 cst
529 412 659 434 verum.
692 399 773 434 Item
804 400 890 445 quod
923 400 999 433 licet.
1029 400 1161 434 dominc
1192 399 1364 434 Dorotbea
1395 398 1562 433 abbatissa
1593 404 1623 433 et
1655 404 1843 433 conventus
1874 403 2037 445 premisse

157 472 176 495 a
206 463 398 496 monicione
427 466 455 494 et
489 464 715 507 requisicionc
746 460 932 494 lmiusmodi
965 464 1131 507 pretensis
1160 461 1199 494 ait
1230 465 1379 494 sanctam
1409 460 1524 494 sedem
1547 461 1769 507 apostolicam
1791 462 2037 507 appellaverint

157 526 192 557 et
221 532 357 556 causam
388 522 630 569 appellat-ionis
670 521 857 556 huiusmodi
895 521 1080 556 venerabili
1112 526 1142 555 et
1173 525 1421 568 circumspecto
1451 524 1526 555 viro
1556 520 1691 556 domino
1721 521 1895 555 Jeroninio
1925 525 2030 556 eciam

156 582 345 628 coadjutori
375 588 492 616 vestro
521 585 681 616 committi
720 581 1000 616 obtinuaveruut:
1040 582 1125 616 idem
1156 588 1266 616 tamen
1298 581 1490 616 Bcrnardus
1519 581 1623 616 abbas
1662 587 1811 616 assertus
1842 585 1930 628 ipsas
1960 595 2033 617 eum

155 642 397 678 adherentibus
426 647 458 677 ct
488 646 665 689 presertim
706 655 780 678 cum
811 643 936 677 eisdem
976 643 1120 677 dominis
1151 642 1292 676 Nicolao
1323 643 1484 688 Weiglini
1514 647 1547 676 et
1575 642 1716 677 Nicolao
1747 642 1852 677 t’olak
1882 655 2031 677 excom-

159 707 342 740 municavit
371 709 402 738 ct
433 709 464 738 ut
496 704 577 738 tales
607 703 738 750 publice
769 716 829 750 per
857 716 934 738 suas
974 705 1057 738 tales
1086 705 1201 750 quales
1241 704 1353 738 literas
1391 705 1586 738 denunciari
1628 704 1706 738 fecit
1745 709 1843 750 atque
1881 705 1966 739 loca.
1997 705 2036 738 ad

159 777 225 812 que
263 776 324 799 eos
361 765 532 799 declinare
571 768 764 810 contigerit.
804 766 1037 799 ecclesiastico
1078 765 1255 799 interdicto
1293 769 1467 811 supposuit
1505 770 1535 799 et
1575 769 1623 800 sic
1661 766 1717 799 suit
1758 771 1787 799 et
1826 771 1877 800 est
1907 778 2036 800 verum.

157 826 240 862 Item
270 826 358 872 quod
388 825 464 860 ticet
495 829 821 870 excomuumicaciQ
851 826 1072 860 denimciacio
1101 831 1134 860 ct
1162 829 1355 873 supposicio
1386 831 1543 872 preteuse
1573 827 1724 873 predicte
1755 827 1887 861 suerunt
1909 831 1938 860 et
1961 832 2035 860 sunt

159 887 248 922 nulle
277 891 310 921 et
339 886 498 931 invalide,
530 887 586 921 vet
616 887 732 921 saltem
765 890 875 933 inique
905 892 934 921 et
967 889 1102 932 injuste,
1133 887 1219 921 idem
1241 891 1351 921 tamen
1373 887 1525 921 dominus
1548 887 1741 922 Bet-nardus
1762 887 1865 921 abbas
1887 892 2037 921 assertus

157 1014 192 1045 et
219 1008 382 1044 Nicotaus
404 1008 564 1054 Weigtini
595 1009 778 1043 nullitatem
810 1010 862 1043 vel
894 1010 1011 1043 saltem
1041 1013 1244 1056 iniquitatem
1267 1009 1408 1043 eandem
1430 1010 1629 1054 allegarunt.
1652 1013 1741 1056 ipsas
1763 1020 1876 1043 coram
1898 1009 2032 1042 ol'liciali

160 1070 377 1106 Otomucensi
407 1073 438 1104 in
469 1081 605 1104 causam
637 1073 736 1104 traxit
767 1075 798 1103 ct
825 1071 907 1104 alias
937 1071 1087 1108 eosdem,
1119 1082 1174 1114 ne,
1205 1075 1236 1104 ut
1259 1074 1312 1117 pie
1337 1071 1497 1105 creditur.
1520 1071 1672 1104 dominas
1693 1071 1899 1104 Dorotlieam
1922 1070 2031 1103 abba-

157 1133 272 1166 nissam
302 1135 335 1165 et
364 1136 568 1166 conventum
599 1131 695 1165 vallis
730 1136 846 1165 sancte
875 1131 982 1166 Maric
1024 1131 1065 1166 dc
1095 1131 1232 1166 Oslavia
1263 1134 1295 1166 in
1325 1135 1497 1178 premissis
1527 1135 1735 1165 assisterent.
1767 1131 1876 1165 litibus
1905 1132 2033 1165 evolvit

155 1196 190 1226 et
216 1194 266 1227 sie
294 1191 354 1226 t'uit
383 1196 416 1226 et
444 1196 496 1226 cst
515 1204 644 1226 verum.
678 1192 757 1227 ttem
780 1192 954 1226 (onradus
984 1192 1206 1231 Smecrbeckq
1229 1192 1388 1227 Nicotaus
1410 1192 1573 1226 Obiczass
1594 1192 1672 1235 (sic)
1693 1197 1725 1226 et
1747 1192 1861 1228 Licko.
1884 1195 2036 1226 canonici

157 1251 353 1300 prebendati
391 1258 466 1300 post
503 1257 670 1300 premissa
709 1257 815 1288 eciam
856 1259 1031 1300 postquam
1061 1254 1102 1287 de
1131 1256 1180 1288 cis
1210 1256 1366 1288 noticiam
1398 1253 1597 1297 habuerunt,
1633 1253 1826 1299 habereque
1857 1258 2036 1300 potuerunt.

156 1318 191 1349 et
218 1313 419 1357 debuerunt,
449 1314 577 1349 eisdem
608 1315 750 1349 dominis
781 1314 921 1349 Nicolao
945 1314 1045 1349 l'olak
1076 1319 1108 1348 ct
1128 1314 1270 1349 Nicotao
1292 1315 1468 1360 &Veiglinh
1500 1320 1533 1348 ut
1563 1318 1652 1361 ipsos
1682 1314 1792 1349 litibus
1822 1315 2037 1349 involverent.

157 1379 191 1410 et
223 1386 243 1409 a
279 1378 429 1410 servicio
467 1376 629 1410 dictarum
669 1376 877 1410 dominarum
915 1376 1083 1409 abbatisse
1121 1381 1152 1409 ct
1189 1381 1378 1410 conventus
1417 1379 1612 1410 monasterii
1651 1376 1746 1410 valtis
1785 1381 1900 1410 sancte
1930 1376 2036 1411 Marii·

157 1435 383 1480 retraherent,
413 1437 502 1471 litem
532 1448 646 1471 coram
679 1437 767 1471 dicto
797 1438 931 1471 domino
961 1437 1094 1471 officiali
1135 1437 1176 1471 dc
1205 1442 1236 1471 et
1265 1449 1368 1483 super
1397 1437 1594 1483 quibusdam
1625 1437 1697 1471 aliis
1727 1437 1877 1471 confictis
1908 1439 2036 1481 injuriis

159 1501 192 1531 et
220 1496 336 1532 verbis
364 1498 595 1545 opprobriosis
618 1503 656 1548 ⁸et
687 1510 802 1533 eorum
835 1501 1015 1532 occasione
1054 1501 1232 1532 inoverunt
1271 1503 1302 1532 et
1332 1502 1380 1533 sic
1411 1498 1469 1532 l'uit
1498 1504 1529 1532 et
1559 1503 1607 1532 est
1649 1510 1779 1532 verum.
1838 1498 1917 1532 ltem
1948 1498 2034 1544 quod

157 1558 245 1593 idem
274 1558 429 1594 dominus
457 1559 611 1594 officialis
642 1562 672 1594 in
704 1563 814 1593 causis
845 1563 925 1606 ipsis
956 1560 1065 1593 taliter
1095 1560 1238 1605 qualiter
1267 1560 1456 1606 procedens
1486 1560 1582 1593 dictis
1603 1559 1745 1594 dominis
1768 1559 1909 1594 Nicolao
1933 1559 2033 1593 l'olatz

157 1623 190 1654 et
216 1618 359 1654 Nicolao
389 1620 550 1665 Weiglini
586 1623 786 1666 gravamina
825 1621 964 1667 plurima
1003 1621 1106 1655 intulit
1146 1626 1176 1654 ct
1215 1624 1262 1655 sie
1302 1621 1361 1655 t'uit
1399 1626 1428 1654 et
1461 1625 1509 1655 est
1540 1633 1670 1655 verum.
1728 1621 1808 1655 Item
1840 1621 1926 1667 quod
1960 1621 2035 1655 licet.

155 1679 255 1715 iidem
277 1679 437 1715 Nicotaus
459 1680 562 1716 Potnk
591 1686 621 1715 et
646 1681 803 1716 Nicotaus
824 1682 987 1726 Weigtini
1010 1694 1027 1715 a
1049 1682 1303 1727 gravaminibus
1325 1685 1405 1729 ipsis
1426 1683 1465 1716 ad
1492 1688 1640 1717 sanctam
1672 1683 1786 1717 sedem
1817 1683 2033 1729 apostolicam

156 1741 369 1789 appellarunt
410 1747 443 1776 et
485 1754 622 1778 causam
665 1743 906 1789 appellaeionis
951 1743 1138 1778 huiusmodi
1169 1742 1210 1777 de
1253 1755 1370 1777 mense
1402 1744 1545 1785 Augusti
1590 1746 1666 1778 anni
1705 1745 1827 1778 domini
1869 1744 2032 1778 millesimi

156 1803 480 1849 quadringentesimi
511 1807 606 1850 primi
638 1804 822 1839 venerabili
854 1809 882 1838 et
915 1808 1161 1851 circumspecto
1191 1807 1266 1839 viro
1296 1805 1430 1839 domino
1462 1804 1637 1839 Leouarilo
1668 1805 1709 1839 (le
1735 1805 1897 1839 Sutmoue
1927 1809 2033 1852 primo

157 1868 190 1898 et
219 1863 342 1899 deinde
370 1863 470 1899 vobis
508 1866 643 1899 domino
682 1866 824 1900 auditori
862 1877 936 1899 cum
977 1870 1142 1911 potestate
1180 1865 1301 1900 citandi
1341 1869 1525 1900 canonicos
1554 1867 1723 1913 predictos
1754 1872 1785 1900 et
1814 1878 2032 1912 quoscunque

155 1923 241 1960 alios
278 1936 338 1960 sua
375 1929 598 1961 communiter
637 1926 689 1960 vel
730 1927 861 1960 divisim
901 1929 1064 1961 interesse
1103 1931 1257 1972 putantes
1294 1931 1324 1961 in
1365 1939 1502 1961 romana
1542 1931 1633 1961 eui-ia
1664 1932 1758 1961 extra
1790 1933 1820 1960 et
1851 1928 1890 1961 ad
1923 1932 2033 1974 partes

158 1988 288 2021 tociens
316 1989 480 2033 quociens
508 1999 593 2034 opus
624 1988 720 2022 l'oret.
752 1991 912 2022 committi
944 1987 1159 2026 obtinuerint,
1191 1987 1347 2034 idemque
1377 1988 1531 2022 domiuus
1563 1988 1757 2022 Leouarttus
1787 1991 2033 2022 commissionis

157 2049 262 2094 ipsius
290 2051 446 2094 pretextu
477 2051 675 2082 citacionem
707 2049 889 2094 legitimam
921 2049 960 2082 :ul
992 2053 1103 2094 partes
1133 2048 1338 2087 decreverit,
1369 2053 1468 2095 atque
1489 2052 1608 2083 eitacio
1631 2053 1699 2095 ipsa
1722 2048 1798 2083 inibi
1821 2052 2031 2083 exeeueione

158 2107 358 2143 demandata
402 2108 513 2143 suerit.
557 2109 643 2144 idem
687 2115 796 2144 tamen
840 2110 994 2143 ostieialis
1037 2114 1109 2155 post
1152 2114 1183 2143 ct
1223 2115 1337 2144 contra
1382 2113 1544 2156 premissa
1583 2114 1611 2144 iu
1643 2110 1778 2144 eosdem
1812 2110 2032 2156 presbyteros

163 2167 338 2204 Nicolaum
360 2168 523 2214 Wciglini
553 2175 582 2204 et
608 2170 780 2205 Nicolaum
810 2170 908 2204 l'olak
940 2173 1331 2206 exeommunicaeionem
1362 2176 1392 2205 et
1423 2176 1533 2205 certas
1563 2172 1645 2205 alias
1676 2182 1779 2217 penas
1809 2176 1838 2203 et
1871 2183 2033 2205 censuras

160 2229 413 2265 ecclesiasticas
444 2231 643 2266 fulminavit.
673 2236 828 2278 quamvis
859 2232 994 2265 uultiter
1023 2237 1056 2264 et
1084 2232 1125 2265 de
1155 2231 1243 2266 sacto
1274 2233 1326 2267 vel
1357 2233 1474 2267 saltem
1507 2236 1617 2278 inique
1647 2237 1677 2266 et
1709 2234 1829 2276 injuste
1851 2237 1881 2266 et
1903 2235 1951 2266 sic
1974 2232 2029 2266 suu

158 2293 193 2324 et
219 2294 272 2325 est
300 2302 430 2326 verum.
480 2291 560 2327 ttem
590 2293 676 2338 quod
708 2296 871 2339 premissa
902 2295 1012 2327 omnia
1042 2297 1072 2325 et
1103 2293 1232 2337 singula
1265 2293 1408 2328 fuerunt.
1439 2299 1534 2328 eraut
1564 2299 1595 2326 et
1625 2299 1701 2328 sunt
1731 2306 1813 2327 vera
1844 2305 1883 2327 ac
1912 2293 1953 2327 ile
1983 2296 2031 2326 eis

157 2350 314 2386 omnibus
342 2356 375 2386 et
404 2354 545 2397 singulis
576 2353 648 2389 t'uit.
680 2358 749 2388 erut
782 2359 812 2387 et
843 2359 891 2388 est
930 2353 1060 2400 publiea
1092 2365 1159 2387 vox
1189 2358 1220 2387 et
1260 2354 1358 2388 l'ama.
1416 2357 1529 2397 Quare
1559 2367 1632 2389 cum
1675 2355 1835 2389 bonarum
1868 2356 2031 2388 ment-ium

157 2413 212 2454 sii,
251 2411 382 2459 culpam
422 2417 552 2448 timere.
593 2414 645 2449 ubi
683 2419 793 2449 tomen
833 2416 929 2461 eulpa
967 2426 1032 2448 non
1069 2419 1130 2450 est.
1169 2418 1247 2460 petit
1285 2415 1392 2449 dictus
1432 2421 1631 2462 procurator
1661 2419 1796 2450 nomine
1826 2427 1891 2461 quo
1921 2426 2031 2460 supra.

160 2471 249 2519 quod
278 2484 342 2507 vos
371 2474 505 2508 domine
534 2474 667 2509 auditor
697 2479 802 2522 ipsum
835 2479 864 2509 iu
896 2487 1060 2522 personas
1090 2476 1252 2511 «lictorum
1283 2476 1492 2511 dominorum
1524 2489 1660 2511 suorum
1691 2478 1730 2511 ad
1753 2477 1860 2510 dictos¹
1882 2476 2035 2508 dominos

159 2542 242 2568 suos
271 2536 302 2569 in
334 2545 512 2581 personum
545 2547 637 2570 suam
667 2536 708 2570 ab
739 2536 926 2580 huiusmodi
951 2540 1115 2583 pra-tensis
1136 2540 1319 2572 sentenciis
1348 2538 1387 2571 ait
1419 2539 1583 2572 cautelam
1606 2538 1801 2572 absolvatis.
1824 2538 1969 2571 oll'ereus
1998 2548 2035 2569 se

161 2597 296 2629 nomine
336 2606 402 2641 (μω
439 2608 537 2642 supra
579 2603 727 2643 paratum
769 2598 809 2631 u.-
845 2599 963 2631 stamlo
998 2599 1075 2641 jure
1114 2609 1153 2630 ac
1188 2603 1303 2632 sancte
1341 2603 1454 2633 mauris
1484 2600 1629 2633 ecclesie
1660 2612 1699 2631 ae
1731 2602 1852 2632 vestris
1883 2596 2031 2643 pai-eudo

159 2654 324 2690 mandatis
353 2668 392 2690 ae
422 2668 657 2703 ‹iiiamcunque
686 2659 783 2693 uliam
814 2662 1011 2692 concionem
1044 2663 1271 2693 neeessariam
1304 2659 1458 2694 l'ueieuilo
1481 2665 1510 2693 et
1534 2664 1696 2707 premissa
1719 2663 1828 2694 omnia
1851 2663 1879 2690 et
1903 2658 2031 2694 sinuuln

1897 2726 1929 2749 41·
