2347 3153
984 203 1051 239 191

86 313 256 361 vobisque
284 324 345 360 pro
374 323 428 347 e0.
458 312 544 357 quod
577 311 703 345 incluse
733 313 825 344 estis.
855 321 920 344 non
949 302 1026 343 licet
1055 308 1181 353 absque
1219 307 1357 353 speciali
1393 310 1542 351 magistri
1581 306 1751 351 generalis
1780 318 1838 340 seu
1869 317 1954 352 pro-

86 374 242 411 vincialis
282 372 409 408 ordinis
452 372 618 406 dictorum
662 367 800 405 fratrum
847 371 1000 411 licencia,
1036 379 1177 414 quorum
1214 370 1391 415 presencia
1431 371 1461 401 in
1499 367 1554 401 tali
1590 369 1792 401 necessitate
1820 371 1956 413 propter

89 445 247 482 nagnam
275 434 340 469 loci
369 433 569 467 distanciam
599 436 671 467 sine
699 430 861 477 gravibus
890 429 1059 465 laboribus
1087 434 1117 463 et
1148 431 1308 475 expensis
1341 427 1467 462 babere
1495 439 1560 462 non
1589 430 1740 474 potestis.
1770 427 1809 461 ad
1840 431 1954 473 respi—

88 495 246 532 ciendum
288 494 387 529 villas
431 499 462 528 et
506 496 742 540 possessiones
779 491 967 526 huiusmodi
1004 496 1037 525 et
1075 491 1114 525 ad
1153 490 1377 535 colligendum
1417 489 1543 524 fructus
1581 500 1624 523 ex
1661 488 1787 522 eisdem
1826 499 1886 522 seu
1914 488 1954 522 ad

89 555 319 593 invocandum
349 555 521 590 auxilium.
552 554 726 588 consilium
756 558 809 587 aut
839 552 991 587 savorem
1020 552 1077 586 vel
1098 552 1330 586 defensionem
1351 555 1524 597 parentum
1546 561 1605 584 seu
1627 552 1955 595 consanguineorum

91 628 134 654 ac
159 620 346 653 amicornm
389 620 584 650 vestrorum
621 614 805 661 predictum
844 616 1081 648 monasterium
1119 615 1215 646 exire
1250 617 1281 646 et
1320 615 1347 646 si
1386 612 1500 646 forsan
1538 610 1725 645 huiusmodi
1754 613 1956 644 necessitate

94 682 242 726 cogente
268 677 398 724 aliquas
428 682 579 711 vestrum
611 678 848 710 monasterium
879 678 984 721 ipsum
1006 677 1102 708 exire
1122 677 1346 718 contingeret.
1366 677 1490 707 extunc
1511 675 1590 719 ipsis
1609 672 1650 706 ad
1671 671 1756 705 idem
1779 675 1955 705 monaste-

88 743 177 776 rim
219 741 371 774 reversis
413 741 522 773 statim
566 740 658 784 prior
699 741 731 771 et
777 740 966 770 conventus
1013 735 1130 769 domus
1172 735 1334 768 dictorum
1378 734 1518 768 fratrum
1561 733 1798 767 Olomueensis
1841 736 1956 766 vestro

94 802 302 837 monasterio
330 799 563 834 ecclesiastico
591 802 779 845 supponunt
809 796 984 832 interdicto
1021 801 1053 830 et
1081 795 1180 830 vobis
1217 795 1361 829 ecclesie
1390 794 1566 841 probibent
1599 797 1788 838 ingressum
1820 793 1955 828 tamdiu.

95 861 206 897 donee
232 864 288 896 8111
317 871 378 907 per
405 871 526 907 preces
554 863 738 894 amicorum
768 863 823 892 aut
850 868 911 904 per
939 868 1077 892 munera
1116 856 1305 891 huiusmodi
1343 856 1495 890 relaxent
1525 855 1733 890 interdictum
1763 859 1794 888 et
1824 865 1885 888 vos
1915 854 1954 888 ad

93 921 243 958 ecclesie
270 925 460 968 ingressum
490 923 665 955 restituant
694 919 909 962 antedictum,
939 922 1078 965 propter
1114 929 1178 964 que
1208 929 1270 951 vos
1307 922 1338 950 et
1369 917 1454 951 idem
1486 920 1723 951 monasterium
1753 927 1819 950 non
1849 926 1954 961 pauca

94 985 294 1030 gravamina
332 993 373 1016 ac
409 981 530 1016 damna
559 987 591 1015 et
620 983 726 1015 eciam
757 980 953 1015 detrimenta
982 978 1118 1014 subistis
1147 984 1179 1013 et
1208 982 1313 1013 eciam
1335 981 1456 1012 timetis
1476 978 1704 1012 verisimiliter
1724 989 1823 1023 posse
1843 977 1956 1011 subire

93 1047 128 1080 in
156 1043 315 1078 futurum.
354 1042 469 1085 Quare
506 1054 567 1089 pro
597 1046 691 1088 parte
720 1046 835 1076 vestra
864 1040 960 1076 nobis
988 1040 1047 1075 fuit
1075 1039 1244 1074 humiliter
1272 1040 1503 1086 supplicatum.
1535 1044 1566 1072 ut
1596 1042 1757 1084 quociens
1782 1037 1880 1072 vobis
1900 1037 1954 1071 vel

93 1104 184 1141 dicto
224 1107 431 1139 monasterio
474 1106 660 1137 necessitas
702 1105 865 1147 ingruerit
906 1106 960 1136 aut
998 1102 1081 1136 alias
1118 1101 1305 1148 expedierit
1344 1099 1399 1134 tibi
1437 1105 1490 1134 aut
1529 1100 1583 1134 illi.
1614 1111 1678 1145 que
1715 1111 1775 1146 pro
1805 1104 1956 1145 tempore

92 1164 207 1207 fuerit,
237 1167 399 1212 priorisse
428 1176 503 1199 cum
534 1163 662 1198 duabus
691 1168 746 1197 aut
777 1162 880 1197 tribus
908 1173 967 1197 seu
996 1162 1145 1209 pluribus
1174 1161 1372 1196 monialibus
1391 1162 1513 1195 dictum
1536 1164 1773 1195 monasterium
1795 1159 1955 1201 exeundi,

91 1237 156 1263 sen
185 1226 270 1262 duas
298 1231 355 1261 aut
382 1230 452 1260 tres
480 1237 539 1260 seu
570 1230 627 1259 tot.
659 1230 739 1270 quot
771 1224 937 1258 sufiiciunt
975 1224 1137 1258 moniales
1174 1227 1276 1270 ipsius
1315 1226 1506 1257 monasterii
1545 1222 1714 1256 emittendi
1745 1232 1805 1268 pro
1835 1224 1957 1255 vestris

93 1292 128 1324 et
159 1287 310 1323 eiusdem
340 1289 534 1322 monasterii
564 1289 718 1331 negociis
748 1285 968 1331 expediendis
996 1290 1051 1319 aut
1080 1285 1322 1331 promovendis
1350 1295 1408 1318 seu
1437 1283 1643 1317 solicitandis
1672 1283 1845 1317 licenciam
1867 1294 1956 1316 con-

98 1349 224 1385 cedere
251 1347 294 1383 de
321 1347 527 1393 benignitate
556 1347 739 1393 apostolica
769 1346 997 1390 dignaremur.
1027 1345 1098 1380 Nos
1127 1349 1227 1390 igitur
1256 1347 1380 1379 vestris
1405 1348 1434 1378 in
1457 1344 1518 1378 bac
1539 1349 1632 1390 parte
1652 1342 1958 1390 supplicacionibus

94 1409 260 1452 inclinati,
289 1414 322 1444 111
352 1409 449 1444 liceat
479 1408 535 1442 tibi
565 1413 619 1442 aut
651 1408 706 1442 illi.
737 1419 800 1453 que
830 1419 890 1453 pro
919 1412 1070 1453 tempore
1104 1409 1178 1442 erit.
1215 1409 1376 1453 priorisse
1414 1417 1487 1440 cum
1526 1405 1652 1439 duabus
1681 1410 1734 1438 aut
1765 1404 1869 1438 tribus
1898 1415 1957 1438 seu

94 1470 251 1519 pluribus
278 1470 491 1513 monialibus,
520 1481 603 1516 quas
631 1470 670 1503 ad
702 1469 765 1503 boc
795 1469 952 1513 elegeris.
982 1479 1041 1502 scu
1071 1468 1226 1513 clegerit,
1257 1467 1378 1501 dictum
1408 1469 1645 1501 monasterium
1675 1469 1770 1499 exire
1799 1470 1853 1499 aut
1876 1466 1958 1498 duas

92 1532 150 1568 vel
187 1536 256 1568 tres
290 1542 351 1567 seu
389 1532 502 1578 plnres
541 1531 703 1565 moniales
734 1531 882 1564 eiusdem
913 1532 1105 1563 monasterii
1135 1532 1288 1563 emittere
1318 1540 1377 1574 pro
1407 1528 1543 1562 utilitate
1573 1527 1650 1561 dieti
1680 1529 1873 1561 monasterii
1904 1530 1955 1559 aut

97 1593 253 1629 eiusdem
283 1595 479 1628 monasterii
510 1595 662 1637 negociis
692 1592 932 1638 promovendis
960 1602 1018 1624 seu
1048 1590 1292 1636 prosequendis
1320 1594 1373 1623 aut
1403 1592 1509 1623 eciam
1534 1588 1765 1634 expediendis.
1787 1588 1957 1621 diocesani

95 1654 167 1691 loci
194 1659 251 1689 ant
279 1657 430 1700 magistri
458 1653 629 1699 generalis
658 1654 735 1687 dicti
765 1653 889 1686 ordinis
919 1663 977 1685 seu
1012 1655 1239 1696 cuiuscunque
1267 1650 1403 1684 alterius
1432 1650 1570 1683 licencia
1600 1660 1702 1695 super
1731 1649 1794 1682 boc
1825 1651 1958 1682 minime

102 1718 263 1763 requisita
291 1726 351 1750 seu
380 1714 514 1749 obtenta
545 1714 642 1748 vobis
670 1719 701 1747 et
731 1714 838 1748 eidem
870 1716 1073 1747 monasterio
1102 1715 1299 1746 auctoritate
1327 1712 1509 1758 apostolica
1539 1716 1655 1744 tenori·
1685 1714 1895 1756 presencium
1918 1710 1958 1743 de

92 1776 278 1823 singularis
305 1777 395 1811 dono
423 1779 540 1821 gracie
581 1775 805 1820 indulgemus.
845 1774 917 1808 Non
956 1773 1163 1808 obstantibus
1198 1776 1328 1807 statutis
1362 1778 1392 1806 et
1431 1772 1726 1807 consuetudinibus
1764 1773 1958 1805 monasterii

97 1841 131 1873 et
160 1837 288 1873 ordinis
316 1837 543 1884 predictorum
573 1839 751 1870 contrariis
782 1839 978 1869 iuramento.
1008 1834 1270 1869 confirmacione
1299 1834 1482 1880 apostolica
1513 1834 1566 1867 vet
1587 1844 1784 1878 quacunque
1805 1832 1958 1866 firmitati·

106 1898 171 1934 8118
200 1897 368 1933 roboratis
397 1902 428 1932 et
466 1898 539 1932 aliis
568 1900 745 1932 contrariis
774 1897 1037 1942 quibuscunque.
1070 1894 1222 1929 Proviso.
1252 1895 1338 1940 quod
1370 1895 1557 1929 huiusmodi
1586 1896 1701 1933 gracia
1731 1897 1778 1927 sic
1809 1893 1958 1926 modeste

107 1962 257 2002 utamini,
291 1958 379 2006 quod
417 1959 510 1993 laicis
545 1970 610 1993 non
645 1957 794 1992 tribuatis
824 1960 994 1991 materiam
1026 1955 1239 2002 obloquendi.
1271 1955 1356 1990 Nulli
1386 1968 1469 2001 ergo
1498 1959 1633 1989 omnmo
1663 1955 1831 1988 bominum
1863 1955 1959 1987 liceat

105 2018 195 2055 banc
222 2022 378 2067 paginam
408 2025 524 2054 nostre
553 2022 784 2053 concessionis
815 2019 997 2055 infringi-re
1028 2017 1080 2050 vel
1110 2020 1140 2051 ei
1170 2029 1251 2051 ausu
1281 2020 1460 2051 temerario
1489 2020 1669 2050 contraire.
1708 2016 1820 2060 Siquis
1849 2019 1957 2047 :uitem

99 2080 167 2116 h'oc
200 2085 401 2128 attemptare
438 2083 693 2127 presumpserit.
730 2080 997 2124 indignacionem
1037 2081 1272 2124 omnipotentis
1310 2078 1361 2111 111-1
1397 2083 1426 2111 1-1
1464 2077 1636 2110 beatorum
1676 2076 1762 2110 l'etri
1798 2080 1828 2108 et
1869 2075 1958 2108 l’auli

105 2140 436 2189 apostotorum-eius
463 2153 501 2176 se
530 2144 662 2175 noverit
693 2144 911 2175 incursurum.
946 2139 1062 2173 Datum
1094 2138 1199 2172 Rome
1229 2139 1315 2185 apud
1345 2143 1493 2172 sam-tum
1522 2137 1651 2171 l’etruiu
1675 2136 1700 2171 ll
1724 2136 1799 2170 ldus
1821 2136 1957 2182 Aprilis-

41 2205 50 2214 '
96 2201 308 2250 pontificatus
336 2205 440 2236 nostri
469 2213 556 2236 anno
587 2201 834 2235 terciodecimo.

386 2269 578 2310 (()rig.1'i-rg.
594 2272 642 2297 mit
657 2272 723 2298 ooli.
740 2271 843 2305 ptipatl,
860 2271 917 2301 big,
936 2271 970 2295 1111
987 2280 1020 2298 io,
1038 2270 1279 2297 Lami-morchiw,
1295 2269 1354 2295 Ari
1366 2271 1405 2295 St.
1422 2269 1592 2296 Koitnwmn,
1607 2269 1720 2292 1111111111,
1736 2268 1776 2295 tii,
1793 2267 1825 2294 A,
1842 2276 1868 2293 11.
1883 2267 1895 2291 ἶ
1913 2267 1958 2295 b.)

982 2363 1083 2398 1²⁵1.

109 2425 181 2463 Dr'e
207 2426 349 2472 81111119(
359 2428 490 2461 nieo'ude·
520 2426 639 2460 Brmm
671 2426 874 2472 rerspro'chl.
896 2427 992 2458 rimu
1022 2424 1226 2457 Johreuzius
1249 2436 1311 2457 ron
1342 2425 1390 2457 20
1411 2423 1545 2455 Selom-li
1567 2424 1623 2455 (ir.
1646 2435 1689 2455 ou
1713 2421 1835 2455 Mileslllc
1856 2422 1958 2455 Loilco

104 2497 172 2523 eo.
202 2486 450 2522 Chndn‘clorom
481 2488 548 2520 und
576 2489 697 2521 (leuen
727 2486 822 2520 Solen
854 2486 953 2520 I’elcr
979 2488 1037 2529 (nr
1066 2486 1129 2517 dnn
1157 2497 1219 2517 ron
1251 2484 1351 2517 ίΙηιιίι
1381 2497 1425 2517 me
1457 2484 1609 2526 ,tlorh-yr.
1639 2483 1752 2516 Jmlols
1782 2483 1960 2526 (Jelc'elwue

87 2547 253 2598 §Copilal
278 2560 343 2583 ron
373 2550 448 2582 2110
477 2547 613 2581 ‚S'clmclc
643 2549 699 2581 (ir.
731 2560 795 2580 111111
824 2547 918 2580 ihren
951 2546 1127 2588 [diminuere
1159 2557 1198 2579 zu
1230 2546 1360 2579 zalulon.
1395 2545 1449 2578 ΙΙΙ.
1482 2545 1611 2578 Ιίνηηη.
1637 2543 1691 2577 13.
1716 2544 1818 2589 Apri!
1850 2544 1957 2578 1‘1112.

287 2606 299 2617 9

252 2606 342 2661 Ros
372 2625 519 2660 Jacobus
549 2626 655 2660 dictus
679 2626 811 2660 titionis
832 2637 892 2673 pro
913 2631 988 2658 ton«-
1019 2628 1179 2663 numi-'ter
1207 2627 1342 2659 civium.
1371 2623 1542 2657 Jobaunes
1571 2624 1676 2656 dictus
1704 2623 1745 2656 111·
1765 2622 1959 2657 (thomos-r

111 2696 175 2735 pro
193 2691 271 2722 tunc
295 2687 416 2731 judex.
437 2690 608 2732 ceterique
625 2689 726 2730 Jurati
756 2690 849 2720 civi-s
879 2690 1021 2719 enitatis
1052 2685 1256 2718 lirunneusis
1277 2690 1450 2730 presente.—
1470 2695 1542 2717 1-11111
1565 2687 1685 2718 nostru«
1706 2683 1960 2717 successoribus
