2347 3153
1274 228 1347 261 340

1261 351 1370 386 3:30.

375 434 571 468 Herrmann
603 434 644 466 de
681 431 796 475 Πέιῃ,
832 431 988 464 Des-hant
1022 442 1065 463 (ιη
1096 430 1158 463 der
1187 428 1239 462 St.
1271 428 1539 462 Sererinlfirclee
1570 441 1609 462 zu
1641 428 1730 462 Kolta
1754 429 1822 461 und
1840 427 2058 472 piipsllieleer
2080 426 2242 469 Auditor.

375 496 536 539 esequir!
567 494 622 527 die
652 493 754 527 Bulle
785 480 890 537 Palis!
921 491 1073 536 Bonisaz·
1103 490 1167 524 IX.
1203 501 1274 523 rom
1314 489 1374 523 21.
1405 490 1489 523 ιΙηηιῗ
1519 489 1629 523 1404.
1669 491 1727 522 mit
1757 488 1904 522 welcher
1933 489 2007 521 dem
2039 487 2245 521 Oslawaner

376 555 517 588 Kloster
551 555 606 588 [lie
634 553 887 588 Jahobslrirclie
926 555 957 585 in
988 552 1108 585 Brilnn
1140 550 1397 596 z-etqesprocleen
1439 551 1533 584 ocimi.
1584 550 1642 584 Dt.
1675 550 1774 584 Rom.
1805 550 1865 584 22.
1897 548 2100 593 September
2131 547 2245 582 1404.

523 622 758 676 lttustrtssimo
796 653 834 674 ac
864 642 1082 674 serenissimo
1126 642 1266 685 principi
1309 643 1339 672 et
1384 639 1519 672 domino
1556 639 1702 681 domino.
1742 638 1854 672 divina
1894 637 2030 671 favente
2059 637 2242 671 clemencia

374 704 603 737 Romanorum
634 706 706 747 regi
736 714 869 748 semper
898 706 1053 746 augusto.
1083 711 1216 734 necnon
1248 700 1446 733 reverendis
1478 703 1509 733 in
1540 699 1673 733 Christo
1704 699 1851 745 patribus
1881 703 1913 733 et.
1938 694 2081 733 dominis
2102 697 2244 731 dominis

375 766 427 798 dei
458 770 488 798 et
519 765 704 811 apostolice
735 764 824 797 sedis
853 766 968 807 gracia
999 762 1160 807 Pragensi
1191 766 1222 795 et
1252 760 1516 804 Salzeburgcnsi
1546 760 1823 806 archiepiscopis,
1854 771 1987 794 necnon
2013 759 2245 794 Olomucensi.

377 826 633 860 Lutomuslensi.
666 825 940 858 wratislaviensi
976 828 1007 857 et
1037 823 1230 856 Patavienst
1268 825 1436 867 episcopis
1466 826 1726 867 vestrorumque
1756 826 1788 855 et
1817 820 1994 855 cuiuslibet
2033 824 2183 854 vestrum
2213 822 2246 853 in

375 886 598 933 spiritualibus
629 891 659 919 et
691 885 930 931 temporalibus
961 887 1099 918 vicariis
1129 895 1189 917 seu
1218 882 1416 917 officialibus
1445 882 1662 927 generalibus
1693 894 1731 916 ac
1761 881 2012 916 venerabilibus
2038 886 2071 915 et
2091 881 2248 915 discretis

376 951 458 982 viris
494 949 634 981 dominis
672 947 813 981 auditori
849 946 1002 991 generali
1040 948 1131 979 curie
1167 956 1302 978 camere
1341 944 1525 990 apostolice
1564 955 1741 978 cansarum
1778 943 1998 989 omnibusque
2040 947 2072 977 et
2108 942 2248 988 singulis

377 1010 518 1043 dominis
548 1008 733 1042 abbatibus.
766 1007 944 1053 prioribus.
975 1009 1165 1052 prepositis.
1196 1006 1344 1043 decaniS,
1379 1005 1638 1040 archidiaconis.
1669 1005 1868 1048 scolasticis.
1899 1004 2130 1048 thesaurariis„
2160 1014 2248 1037 can-

375 1070 512 1104 toribus.
543 1069 749 1104 custodibus.
789 1072 960 1102 canonicis
1001 1073 1065 1101 tam
1096 1066 1336 1101 cathedralium
1369 1071 1399 1100 et
1432 1067 1686 1111 collegiatarum
1726 1066 1960 1109 ecclesiarum.
1999 1075 2098 1110 quam
2137 1067 2243 1098 eciam

376 1134 667 1164 monasteriorum.
700 1141 976 1175 quorumcunqne
1007 1132 1112 1162 eciam
1145 1131 1304 1162 ministris
1333 1128 1550 1173 generalibus
1572 1126 1848 1174 provincialibus.
1870 1129 2017 1169 vicariis,
2039 1124 2246 1169 custodibus.

377 1192 554 1238 prioribus.
600 1191 791 1237 quardianis
834 1195 863 1224 et
907 1193 1012 1224 saneti
1055 1189 1217 1223 Johannis
1261 1189 1541 1223 lherosolimitani
1585 1200 1623 1222 ac
1671 1188 1768 1222 beate
1810 1187 1916 1222 hlarie
1959 1186 2246 1221 Theotonicorum

377 1257 556 1291 magistris.
587 1252 854 1299 preceptoribus,
893 1250 1223 1285 commendatoribus
1262 1255 1290 1283 ct
1323 1254 1468 1296 ipsarum
1504 1250 1678 1284 domorum
1709 1248 1867 1283 fratribus
1905 1253 1938 1282 et
1967 1246 2247 1283 conventualibus

376 1315 621 1360 predicatorum
654 1317 816 1347 mimirum
848 1312 1084 1346 heremitarum
1125 1315 1231 1346 sancti
1263 1312 1443 1356 Augustini
1483 1316 1514 1345 et
1544 1311 1641 1345 beate
1671 1310 1778 1345 Marie
1808 1309 2063 1344 Carmelitarum
2093 1313 2125 1343 et
2155 1320 2248 1354 quo-

375 1387 580 1420 rumcunque
624 1375 762 1409 aliorum
807 1374 958 1407 ordinum
1003 1373 1160 1407 fratribus
1198 1385 1236 1406 ac
1277 1373 1413 1407 decanis
1444 1372 1620 1407 ruralibus.
1660 1372 1988 1418 parrochialiumque
2027 1370 2246 1404 ecclesiarum

377 1436 562 1470 1·ect‹.›ribns
593 1448 652 1470 seu
683 1434 949 1469 locatenentibus
984 1435 1181 1468 eorundem.
1220 1434 1381 1480 plebanis.
1423 1433 1666 1480 viceplebanis.
1697 1436 1833 1467 vicariis
1864 1435 2046 1479 perpetuis,
2076 1431 2246 1465 altaristis.

375 1501 524 1531 notariis.
569 1496 802 1531 tabellionibus
842 1496 980 1542 publicis
1016 1495 1269 1541 quibuscunque
1308 1507 1366 1540 per
1411 1494 1602 1539 Pragensis.
1643 1494 1958 1539 Salczcburgensis.
1998 1492 2245 1527 olomucensis,

379 1559 653 1592 Lutomuslensis.
677 1558 970 1591 XVratislaviensis
1000 1569 1039 1590 ac
1061 1557 1269 1590 l'ataviensis
1299 1559 1453 1590 civitates
1484 1556 1628 1590 diocesis
1658 1561 1687 1589 et
1719 1558 1913 1602 prcwincias
1935 1566 1973 1589 ac
1995 1554 2089 1593 alias.
2111 1552 2247 1587 ubilibet

375 1624 590 1654 constitutas:
620 1630 752 1653 necnon
784 1618 964 1652 illustribus
998 1617 1213 1664 principibus.
1251 1616 1393 1650 dominis
1425 1618 1562 1650 Austrie
1602 1616 1740 1650 ducibus
1777 1628 1816 1649 ac
1856 1615 2042 1649 marchioni
2080 1614 2248 1656 Moravic.

377 1684 566 1726 ceterisque
588 1681 738 1714 ducibus.
761 1680 947 1714 comitibus.
967 1679 1226 1713 marchionibus.
1246 1677 1440 1714 baronibus.
1459 1677 1635 1713 nobilibus.
1659 1677 1835 1711 milithus:
1852 1679 2061 1721 justiciariis.
2077 1674 2248 1720 judicibus

377 1754 560 1787 eorumque
596 1741 795 1775 officialibus
834 1741 1098 1786 quilmscunquc.
1138 1743 1304 1773 curiarum
1345 1744 1377 1772 et.
1417 1740 1566 1773 locorum
1603 1739 1803 1773 secularium
1845 1744 2023 1774 terrarum.
2063 1740 2247 1772 civitatum.

377 1804 564 1849 opidorum.
587 1808 787 1837 castrorum.
811 1803 974 1836 villarum.
998 1804 1251 1835 universitatum
1274 1806 1303 1834 et
1326 1804 1541 1835 comitatuum
1565 1800 1768 1845 umjoi-tb1153
1793 1799 1994 1841 rectoribus.
2016 1798 2247 1846 potestatibus,

376 1865 559 1898 adxocatis.
582 1867 776 1910 capitaneis.
796 1866 963 1908 magistris
980 1866 1115 1900 civium.
1138 1862 1295 1899 scabinis.
1313 1863 1474 1898 scultetis.
1502 1861 1644 1904 civibus.
1674 1861 1838 1907 opidanis.
1863 1860 1980 1895 incolis
1997 1865 2029 1894 ct
2045 1859 2247 1906 preconibus

377 1929 548 1959 civitatum
589 1930 619 1958 et
660 1926 830 1958 diocesum
872 1925 1094 1970 predictarum
1135 1925 1275 1968 aliisque
1315 1926 1505 1968 armigeris.
1546 1921 1816 1956 christifidelibus
1854 1926 1918 1955 tam
1956 1925 1987 1955 in
2023 1920 2248 1967 spiritualibus

377 1998 472 2031 quam
505 1986 744 2032 temporalibus
769 1987 1045 2030 jai-tsdiccionein
1077 1985 1209 2018 civitem
1242 1985 1294 2017 vel
1326 1984 1543 2030 temporalem
1575 1984 1615 2017 ab
1645 1984 1790 2017 ecclesia
1812 1983 1865 2017 vel
1889 1985 2028 2029 imperio
2050 1981 2247 2016 habentibus

377 2050 576 2080 coniunctim
608 2052 639 2080 et
670 2047 812 2080 divisim.
845 2046 1098 2092 quibuscunque
1129 2045 1316 2079 nominibus
1347 2049 1559 2078 censeantur.
1590 2048 1818 2089 cuiuscunque
1849 2049 1953 2078 status
1973 2043 2099 2089 gradus
2120 2042 2248 2077 ordinis

379 2109 428 2141 vel
460 2109 666 2141 condicionis
697 2111 853 2142 existant.
884 2113 915 2141 et
945 2108 1138 2153 specialiter
1167 2107 1211 2140 illi
1243 2107 1295 2139 vel
1327 2107 1387 2139 illis
1416 2107 1454 2139 ad
1486 2117 1597 2151 quem.
1621 2106 1673 2139 vet
1695 2106 1734 2139 ad
1758 2117 1841 2151 quos
1864 2105 2083 2151 parrochialis
2104 2104 2248 2138 ecclesie

378 2173 481 2202 sancti
512 2169 628 2203 Jacobi
660 2173 690 2202 in
731 2169 838 2214 burgo
869 2169 1056 2202 Brunnensi
1093 2168 1180 2201 dicte
1211 2168 1446 2201 (Horum-ensis
1485 2168 1629 2201 diocesis
1667 2167 1807 2200 collacio
1849 2169 1998 2212 provisio
2036 2167 2250 2212 prcscntacio

378 2242 435 2263 seu
467 2234 585 2275 qno-xis
615 2231 676 2264 alia
718 2231 898 2276 disposicio
938 2233 1078 2276 pertinet
1119 2232 1321 2263 coniunctim
1354 2229 1407 2262 vet
1442 2228 1573 2262 divisim
1605 2234 1633 2261 et
1666 2231 1842 2274 presertim
1884 2225 2132 2261 venerabilibus
2170 2228 2251 2260 viris

378 2292 519 2325 domitos
564 2295 733 2337 preposito
779 2297 808 2323 et
855 2292 999 2337 capitulo
1043 2291 1187 2324 ecclesie
1226 2293 1331 2323 sancti
1365 2289 1450 2323 l’etri
1491 2292 1521 2322 in
1553 2289 1686 2323 lli-unna
1725 2290 1810 2322 dicte
1850 2289 1996 2323 diocesis
2025 2299 2065 2322 ac
2094 2287 2250 2322 Conrado

379 2353 564 2385 Sim-rbech
611 2365 670 2398 pro
714 2353 862 2385 eiusdem
908 2353 1052 2386 ecclesie
1095 2355 1199 2385 sancti
1239 2351 1324 2384 l’etri
1365 2355 1395 2383 et
1435 2350 1585 2395 (leorgio
1622 2351 1662 2383 dc
1702 2350 1886 2384 Gewiczha
1931 2361 1990 2396 pro
2031 2349 2250 2383 Olomucensi

378 2417 547 2447 canomcis
577 2427 613 2446 se
643 2414 850 2457 gerentibus.
883 2414 1031 2458 predicte
1062 2412 1282 2458 parrochialis
1308 2412 1453 2445 ecclesie
1475 2415 1579 2445 sancti
1601 2411 1717 2445 Jacobi
1739 2410 2010 2457 occupatoribus.
2032 2422 2070 2443 ac
2092 2411 2247 2444 cuicum—

379 2487 441 2520 que
474 2477 524 2507 xct
556 2475 809 2520 ‹puluiseunque
839 2475 893 2508 alii
926 2478 1002 2507 isici
1034 2474 1085 2507 x‘cl
1116 2474 1187 2507 aliis
1219 2477 1345 2507 intruso
1375 2484 1433 2506 seu
1466 2473 1678 2506 intrmlendo.
1711 2476 1856 2509 intrusis.
1888 2484 1946 2506 seu
1978 2470 2184 2505 intrudendis
2218 2473 2249 2504 in

379 2537 507 2569 eadem.
548 2536 766 2580 omnibusque
805 2536 876 2569 aliis
912 2540 941 2568 et
981 2535 1132 2573 singulis.
1171 2547 1311 2579 quorum
1351 2538 1488 2568 interest
1531 2534 1582 2567 vei
1623 2537 1773 2567 intererit
1811 2539 1841 2566 et
1882 2545 1964 2578 quos
2005 2532 2252 2578 infrascriptum

382 2600 483 2635 tangit
516 2600 691 2632 negocium
724 2609 781 2629 seu
813 2601 952 2634 tangere
984 2599 1100 2641 poterit
1134 2595 1381 2640 quomodolibet
1416 2598 1445 2628 in
1478 2595 1633 2628 futurum.
1665 2594 1917 2640 quilmscunque
1947 2592 2136 2627 nominibus
2165 2603 2253 2626 cen-

377 2661 524 2690 seantur.
568 2657 777 2690 llcrmannus
818 2657 857 2689 de
899 2657 1007 2694 U'erg
1046 2657 1258 2689 decretorum
1290 2657 1418 2690 doctor.
1458 2656 1605 2689 decanus
1645 2656 1790 2689 ecclesie
1820 2658 1924 2688 sancti
1957 2655 2114 2687 Severini
2145 2653 2252 2687 Colo—

379 2721 517 2751 niensis.
549 2718 670 2751 domini
704 2722 805 2751 nostri
846 2730 929 2763 pape
969 2717 1148 2762 capt-lanus
1185 2722 1214 2750 et
1256 2720 1357 2763 ipsius
1393 2720 1480 2750 sacri
1522 2717 1640 2763 palacii
1682 2717 1855 2762 apostolici
1892 2726 2070 2749 causarmn
2107 2702 2251 2753 mutuor.
