2347 3153
1084 235 1104 266 il

151 343 393 378 Wenceslaum
425 340 625 375 monachum
657 340 807 374 eiusdem
839 342 1034 373 monasterii
1066 349 1232 385 expresse
1262 338 1453 384 professum
1476 342 1507 371 et
1529 348 1589 383 pro
1610 341 1745 370 rectore
1770 339 1844 370 sive
1875 341 2038 382 perpetuo

152 406 282 438 vicario
312 403 463 437 eiusdem
495 401 715 448 parrochialis
746 395 892 435 ecclesie
921 412 958 434 se
987 404 1165 445 gerentem
1196 399 1322 445 pluries
1352 403 1570 443 rogaverunt,
1602 403 1635 431 ut
1665 398 1839 431 licenciam
1881 398 2038 431 l'undnndi

153 467 317 512 premissa
348 464 430 498 dare
460 463 692 507 dignarentur.
724 462 915 508 quiquidem
947 461 1051 495 abbas
1081 466 1113 495 et
1143 465 1333 495 conventus
1363 472 1401 494 ac
1432 465 1545 494 rector
1574 459 1605 493 id
1636 460 1751 493 facere
1782 459 2039 504 denegaverunt

153 538 193 560 ac
223 525 470 572 impediverunt
501 530 531 559 et
563 524 758 570 impediunt.
788 526 966 570 quominus
996 526 1057 569 ipsi
1088 521 1222 569 opidani
1253 524 1417 568 premissa
1454 521 1568 554 l'aeere
1590 523 1775 566 potuissent
1796 523 1869 554 sive
1891 524 2038 566 possent.

155 586 269 629 Quare
298 597 358 633 pro
388 590 483 632 parte
514 589 660 632 ipsorum
691 584 911 631 opidanorum
942 584 1038 618 nobis
1068 584 1126 618 fuit
1158 584 1326 618 humiliter
1355 583 1589 629 supplicatum.
1621 587 1651 615 ut
1679 585 1727 615 eis
1755 582 1912 615 fundandi
1943 586 2042 627 atque

155 648 291 683 dotandi
320 647 438 682 altaria
471 650 544 681 sive
575 646 737 680 beneticia
768 645 958 680 huiusmodi
988 649 1019 679 in
1050 645 1252 691 parrochiali
1283 645 1427 679 ecclesia
1459 649 1490 678 et
1520 644 1649 690 capella
1680 643 1840 689 predictis
1866 643 2040 677 licenciam

154 708 346 744 concedere
367 713 399 742 et
428 709 512 743 alias
543 711 590 742 eis
621 711 650 742 iu
682 710 856 754 premissis
886 707 926 740 de
956 711 1122 753 oportuno
1152 706 1306 740 remedio
1335 706 1519 752 providere
1549 705 1590 739 de
1620 704 1827 749 benignitate
1858 704 2042 750 apostoliea

155 770 386 817 dignaremur.
417 769 487 804 Nos
518 773 630 814 igitur.
661 771 715 814 qui
746 768 895 802 divinum
926 768 1048 802 cultum
1086 770 1209 802 nostris
1248 766 1455 813 temporibus
1494 766 1656 804 adaugeri
1696 768 1835 799 intensis
1865 765 2043 799 desideriis

155 832 351 866 affectamus
372 834 520 878 ipsorum
542 830 762 877 opidanorum
796 829 982 863 huiusmodi
1003 832 1092 875 pium
1115 831 1321 875 propositum
1352 828 1529 874 plurimum
1552 831 1583 862 in
1605 828 1740 861 domino
1766 827 2044 861 commendantes

157 893 347 928 huiusmodi
381 890 686 938 supplicacionibus
724 891 870 924 inclinati
910 891 1114 924 discrecioni
1153 895 1219 925 tue.
1260 889 1300 923 de
1339 901 1402 934 qua
1443 892 1473 923 in
1515 889 1576 922 biis
1615 893 1645 922 et
1685 888 1757 922 aliis
1798 888 1980 934 specialem
2012 891 2042 921 iu

158 953 294 988 domino
324 952 477 988 fiduciam
509 951 710 986 obtinemus.
742 963 802 998 per
831 951 1015 998 apostolica
1037 954 1160 998 scripta
1183 954 1422 985 committimus
1443 955 1477 984 et.
1498 950 1706 986 mandamus,
1728 954 1894 995 quatenus
1916 950 2043 983 eisdem

157 1015 323 1062 opidanis.
353 1017 528 1061 postquam
560 1016 621 1059 ipsi
651 1013 747 1047 dotes
777 1013 982 1047 sullicientes
1021 1024 1081 1058 pro
1120 1012 1310 1046 huiusmodi
1349 1011 1509 1046 altaribus
1548 1014 1622 1045 sive
1662 1010 1835 1045 beneficiis
1867 1010 2045 1045 fundandis

156 1077 390 1123 deputaverint
421 1080 452 1110 et
482 1077 745 1119 assignaverint.
777 1080 808 1108 ut
841 1075 1021 1120 prel'ertur.
1053 1074 1212 1108 fundandi
1242 1074 1358 1107 altaria
1389 1076 1462 1107 sive
1494 1071 1655 1106 beneficia
1687 1075 1756 1118 ipsa
1784 1076 1814 1106 in
1842 1072 2046 1118 parrochiali

159 1138 304 1172 ecclesia
335 1141 368 1171 et
397 1136 526 1183 capella
565 1136 726 1182 predictis
765 1147 825 1182 pro
863 1136 1051 1169 huiusmodi
1087 1135 1277 1169 rectoribus
1316 1138 1390 1168 sive
1427 1133 1636 1180 presbyteris
1676 1133 1797 1168 ibidem
1836 1134 2046 1167 instituendis

161 1202 326 1246 perpetue
354 1198 491 1233 domino
528 1201 558 1232 in
595 1198 718 1231 divinis
761 1196 880 1230 ostiens
924 1199 1102 1230 servituris
1146 1196 1318 1230 diocesani
1362 1196 1425 1229 loci
1469 1207 1508 1229 ac
1547 1194 1676 1228 abbatis
1713 1199 1745 1228 et
1781 1199 1969 1228 conventus
2008 1206 2046 1227 ae

158 1259 354 1294 Wencestai
391 1259 619 1306 predictorum
665 1258 718 1293 vel
761 1261 910 1292 cuiusvis
953 1257 1088 1292 alterius
1131 1268 1192 1304 pro
1235 1262 1370 1291 rectore
1412 1260 1487 1291 sive
1526 1261 1688 1302 perpetuo
1726 1259 1855 1290 vicario
1895 1256 2044 1290 eiusdem

159 1320 381 1368 parrochialis
433 1320 578 1355 ecclesie
630 1331 691 1366 pro
742 1325 893 1365 tempore
943 1330 980 1353 se
1031 1321 1181 1364 gerentis
1234 1319 1372 1353 licencia
1426 1329 1527 1364 super
1580 1318 1644 1351 boc
1691 1321 1826 1352 minime
1875 1321 2047 1363 requisita,

107 1369 114 1375 ’
158 1385 359 1417 auctoritate
415 1382 600 1428 apostolica
658 1382 831 1415 licenciam
876 1381 1043 1425 largiaris.
1100 1385 1278 1414 reservato
1334 1385 1444 1414 tamen
1497 1382 1577 1425 ipsis
1633 1379 1786 1425 opidanis
1843 1385 1874 1412 et
1931 1391 2047 1413 eorum

158 1442 415 1478 successoribus
459 1446 702 1490 imperpetuum
742 1444 819 1486 jure
862 1445 1058 1488 patronatus
1093 1442 1246 1475 altarium
1290 1444 1364 1475 sive
1408 1440 1647 1475 beneficiorum
1691 1445 1723 1474 et
1762 1441 1978 1486 presentandi
2008 1441 2047 1474 ad

161 1505 226 1547 itta,
257 1515 331 1539 cum
371 1516 409 1538 ea
460 1515 586 1538 vacare
633 1506 825 1542 eontigerit.
879 1513 1042 1549 personas
1095 1502 1233 1536 idoneas
1284 1506 1358 1536 sive
1409 1502 1630 1548 presbyteros
1681 1502 1820 1536 idoneos
1876 1502 2049 1536 seculares

161 1567 225 1601 loci
273 1565 445 1600 ordinario
493 1577 553 1612 per
591 1557 706 1612 'ipsum
757 1568 786 1598 in
836 1567 914 1610 ipsis
962 1563 1121 1598 altaribus
1171 1567 1243 1598 sive
1296 1564 1468 1598 beneficiis
1525 1564 1751 1598 instituendis.
1805 1565 1882 1608 jure
1938 1569 2048 1597 tamen

159 1627 382 1675 parrochialis
412 1627 557 1661 ecclesie
587 1632 617 1660 et
649 1626 779 1672 capelle
818 1626 1044 1672 predictarum
1080 1625 1162 1659 alias
1199 1629 1229 1659 in
1269 1625 1424 1660 omnibus
1461 1637 1596 1671 semper
1632 1625 1747 1659 salvis.
1779 1625 2049 1658 contradictores

159 1700 221 1736 per
250 1700 429 1724 censuram
461 1689 727 1723 ecclesiasticam
759 1687 993 1734 appellacione
1022 1690 1206 1732 postposita
1237 1687 1498 1733 compescendo.
1522 1698 1585 1720 non
1609 1686 1829 1722 obstantibus
1862 1689 1888 1719 si
1910 1686 2049 1731 prefatis

161 1749 272 1784 abbati
302 1754 334 1783 et
362 1753 544 1784 conventui
575 1761 614 1783 ac
645 1752 770 1783 rectori
803 1748 855 1781 vel
886 1747 1060 1793 quibusvis
1090 1748 1162 1782 aliis
1192 1751 1415 1782 communiter
1454 1748 1507 1781 vel
1544 1747 1676 1781 divisim
1707 1760 1724 1781 a
1754 1747 1836 1781 sede
1866 1747 2048 1793 apostoliea

162 1814 203 1846 sit
232 1811 405 1847 indultum.
437 1812 523 1858 quod
556 1812 719 1846 interdici.
750 1811 908 1857 suspendi
942 1810 994 1843 vel
1026 1813 1313 1843 excoinmmiicari
1344 1821 1410 1843 non
1441 1812 1582 1856 possint.
1605 1820 1664 1855 per
1691 1809 1817 1842 litteras
1847 1808 2050 1854 apostolicas

162 1883 229 1907 non
259 1872 422 1907 facientes
451 1873 583 1919 plenam
615 1878 643 1905 et
676 1884 875 1919 expressam
907 1883 944 1905 ae
975 1871 1015 1904 de
1047 1870 1152 1904 verbo
1182 1871 1221 1904 ad
1250 1871 1390 1904 verbum
1413 1871 1453 1904 de
1477 1870 1601 1904 indulto
1625 1870 1812 1903 huiusmodi
1837 1872 2048 1903 mencionem

161 1933 463 1969 constitucionibus
501 1939 531 1967 et
571 1933 845 1968 ordinacionibus
885 1933 1078 1978 apostolicis
1115 1937 1144 1965 et
1185 1932 1257 1966 aliis
1292 1935 1323 1966 in
1359 1935 1564 1965 contrarium
1604 1931 1701 1965 editis
1732 1931 1785 1964 vel
1817 1931 1955 1965 edendis
1986 1942 2049 1963 nou

162 1994 371 2030 obstantibus
401 1995 665 2042 quilniscunque.
698 1995 816 2029 Datum
851 1994 956 2028 Rome
987 1994 1071 2039 apud
1112 1993 1271 2027 Sanctum
1311 1993 1442 2027 l'etruui
1485 1992 1538 2026 lll.
1581 1992 1694 2026 Nonas
1727 1992 1899 2025 Februarii
1931 1995 2050 2037 ponti-

166 2055 284 2090 ficatus
314 2059 418 2091 nostri
448 2068 536 2090 anno
568 2057 758 2091 undecimo.

480 2127 571 2161 [Orien
597 2128 645 2152 init
672 2128 758 2158 uultu.
786 2127 926 2152 Bleibullv—
953 2127 986 2151 ini
1016 2127 1066 2154 tet,
1094 2128 1134 2153 st,
1162 2126 1309 2151 ‚trehivw

1087 2276 1130 2309 s.

171 2343 248 2379 Das
270 2343 520 2378 Domini'lmner
542 2344 684 2378 li'loster
706 2346 737 2377 in
761 2344 860 2387 lylmt
883 2343 1095 2388 ret-psli'claelel
1116 2343 1188 2376 sicle
1211 2355 1283 2376 amn
1309 2342 1416 2376 Les-en
1444 2343 1559 2375 dreier
1582 2341 1715 2374 ,tlessen
1739 2341 1962 2374 arnelaentliele
1986 2343 2051 2374 med

170 2416 212 2440 zu
242 2407 329 2440 δινεῖ
356 2406 631 2439 Annirerxarien
659 2408 718 2450 sur
747 2405 884 2439 Jolmnu
908 2405 1040 2438 sessim
1064 2405 1131 2437 nm!
1151 2405 1272 2437 desseu
1303 2404 1409 2437 Fran.
1444 2403 1499 2436 m.
1534 2403 1643 2447 'Hl‘m-
1675 2404 1709 2435 15.
1743 2402 1902 2436 Febrtmr
1937 2402 2045 2435 two.

343 2473 355 2484 ,

308 2473 398 2527 'Ros
441 2493 563 2527 fratres
605 2493 780 2527 Joliannes
824 2493 995 2529 Cognatus
1045 2495 1146 2537 prior.
1192 2491 1307 2525 Petrus
1352 2493 1469 2526 lector.
1517 2490 1635 2524 l’anlu>=
1678 2493 1844 2535 supprior.
1891 2490 2052 2523 lleulinusv

167 2557 321 2592 sacrista,
367 2553 539 2600 Nyculaus
578 2557 702 2588 senior.
743 2553 913 2599 ,Ny-olan>
953 2553 1071 2597 (ii-yut.
1112 2552 1284 2587 Joluiunes
1326 2553 1444 2587 Albus.
1485 2555 1656 2596 ceterique
1697 2552 1819 2584 tratres·
1863 2556 2052 2584 contentus

168 2614 372 2661 Iglnviensis
401 2615 440 2648 ad
471 2620 620 2649 sanctam
652 2615 794 2649 Crueem
827 2616 952 2648 ordini<
984 2615 1121 2647 l'rntrum
1153 2614 1399 2659 predicatorum
1433 2615 1576 2647 l'atemur
1615 2613 1720 2658 pulani
1753 2616 1783 2646 in
1816 2612 1876 2645 hiis
1906 2615 2051 2657 seriptis.

171 2676 258 2722 quod
290 2675 419 2710 nobiles
450 2676 589 2710 clientes
620 2679 681 2710 viri
713 2688 857 2714 sagaces
896 2676 1049 2709 videlieet
1092 2674 1228 2720 ,llysskn
1267 2680 1297 2707 et
1336 2675 1482 2707 dai-obus
1513 2675 1553 2706 de
1585 2674 1795 2719 (lpolessyez
1828 2678 2048 2718 porrexerunt

172 2737 268 2772 nohis
299 2740 416 2782 viginti
447 2748 638 2782 sexagena>
669 2749 864 2774 «grossorum
907 2736 1068 2770 bonorum
1107 2737 1320 2771 denariorum
1359 2740 1492 2770 monet·-
1532 2738 1707 2780 pragensis
1747 2746 1788 2768 ex
1822 2739 1915 2780 parte
1947 2734 2052 2767 telin-is
