<?xml version="1.0" encoding="UTF-8"?>
<!DOCTYPE html PUBLIC "-//W3C//DTD XHTML 1.0 Transitional//EN"
    "http://www.w3.org/TR/xhtml1/DTD/xhtml1-transitional.dtd">
<html xmlns="http://www.w3.org/1999/xhtml" xml:lang="en" lang="en">
 <head>
  <title>
</title>
<meta http-equiv="Content-Type" content="text/html;charset=utf-8" />
  <meta name='ocr-system' content='tesseract 3.04.00' />
  <meta name='ocr-capabilities' content='ocr_page ocr_carea ocr_par ocr_line ocrx_word'/>
</head>
<body>
  <div class='ocr_page' id='page_1' title='image "./codexdiplomaticu13morauoft_0074.png"; bbox 0 0 2347 3153; ppageno 0'>
   <div class='ocr_carea' id='block_1_1' title="bbox 1271 259 1386 261">
    <p class='ocr_par' dir='ltr' id='par_1_1' title="bbox 1271 259 1386 261">
     <span class='ocr_line' id='line_1_1' title="bbox 1271 259 1386 261; baseline 0 0"><span class='ocrx_word' id='word_1_1' title='bbox 1271 259 1386 261; x_wconf 95' lang='lat' dir='ltr'> </span> 
     </span>
    </p>
   </div>
   <div class='ocr_carea' id='block_1_2' title="bbox 354 307 2226 2722">
    <p class='ocr_par' dir='ltr' id='par_1_2' title="bbox 354 307 2226 2722">
     <span class='ocr_line' id='line_1_2' title="bbox 356 307 2217 365; baseline -0.006 -13"><span class='ocrx_word' id='word_1_2' title='bbox 356 322 498 365; x_wconf 87' lang='lat' dir='ltr'>ptorium</span> <span class='ocrx_word' id='word_1_3' title='bbox 520 320 695 351; x_wconf 79' lang='lat' dir='ltr'>terminum</span> <span class='ocrx_word' id='word_1_4' title='bbox 717 319 960 361; x_wconf 84' lang='lat' dir='ltr'>competentem</span> <span class='ocrx_word' id='word_1_5' title='bbox 983 318 1058 347; x_wconf 89' lang='lat' dir='ltr'>tunc</span> <span class='ocrx_word' id='word_1_6' title='bbox 1080 322 1289 358; x_wconf 72' lang='lat' dir='ltr'>expressum.</span> <span class='ocrx_word' id='word_1_7' title='bbox 1313 311 1386 352; x_wconf 80' lang='lat' dir='ltr'>Qne</span> <span class='ocrx_word' id='word_1_8' title='bbox 1407 314 1516 345; x_wconf 82' lang='lat' dir='ltr'>onmia</span> <span class='ocrx_word' id='word_1_9' title='bbox 1538 314 1567 344; x_wconf 84' lang='lat' dir='ltr'>et</span> <span class='ocrx_word' id='word_1_10' title='bbox 1589 309 1717 353; x_wconf 67' lang='lat' dir='ltr'>singula</span> <span class='ocrx_word' id='word_1_11' title='bbox 1740 308 1836 343; x_wconf 68' lang='lat' dir='ltr'>vobis</span> <span class='ocrx_word' id='word_1_12' title='bbox 1853 309 2005 342; x_wconf 84' lang='lat' dir='ltr'>omnibus</span> <span class='ocrx_word' id='word_1_13' title='bbox 2026 312 2056 341; x_wconf 92' lang='lat' dir='ltr'>ct</span> <span class='ocrx_word' id='word_1_14' title='bbox 2077 307 2217 352; x_wconf 75' lang='lat' dir='ltr'>siugulis</span> 
     </span>
     <span class='ocr_line' id='line_1_3' title="bbox 354 367 2216 424; baseline -0.006 -12"><span class='ocrx_word' id='word_1_15' title='bbox 354 378 563 424; x_wconf 81' lang='lat' dir='ltr'>supradictis.</span> <span class='ocrx_word' id='word_1_16' title='bbox 595 376 711 422; x_wconf 86' lang='lat' dir='ltr'>quibus</span> <span class='ocrx_word' id='word_1_17' title='bbox 734 387 871 421; x_wconf 78' lang='lat' dir='ltr'>presens</span> <span class='ocrx_word' id='word_1_18' title='bbox 892 378 1005 408; x_wconf 87' lang='lat' dir='ltr'>noster</span> <span class='ocrx_word' id='word_1_19' title='bbox 1035 384 1213 419; x_wconf 82' lang='lat' dir='ltr'>processus</span> <span class='ocrx_word' id='word_1_20' title='bbox 1234 373 1396 415; x_wconf 60' lang='lat' dir='ltr'>dirigitur.</span> <span class='ocrx_word' id='word_1_21' title='bbox 1428 375 1615 405; x_wconf 85' lang='lat' dir='ltr'>intimamus</span> <span class='ocrx_word' id='word_1_22' title='bbox 1646 373 1849 403; x_wconf 83' lang='lat' dir='ltr'>insinuamus</span> <span class='ocrx_word' id='word_1_23' title='bbox 1878 369 2086 402; x_wconf 83' lang='lat' dir='ltr'>notificamus</span> <span class='ocrx_word' id='word_1_24' title='bbox 2115 373 2147 402; x_wconf 75' lang='lat' dir='ltr'>et.</span> <span class='ocrx_word' id='word_1_25' title='bbox 2175 367 2216 402; x_wconf 89' lang='lat' dir='ltr'>ad</span> 
     </span>
     <span class='ocr_line' id='line_1_4' title="bbox 355 430 2217 479; baseline -0.005 -7"><span class='ocrx_word' id='word_1_26' title='bbox 355 444 499 479; x_wconf 64' lang='lat' dir='ltr'>vestran]</span> <span class='ocrx_word' id='word_1_27' title='bbox 531 443 560 471; x_wconf 91' lang='lat' dir='ltr'>et</span> <span class='ocrx_word' id='word_1_28' title='bbox 591 438 629 470; x_wconf 78' lang='lat' dir='ltr'>ad</span> <span class='ocrx_word' id='word_1_29' title='bbox 661 436 832 470; x_wconf 80' lang='lat' dir='ltr'>cuiuslibet</span> <span class='ocrx_word' id='word_1_30' title='bbox 863 440 1012 468; x_wconf 71' lang='lat' dir='ltr'>vestrum</span> <span class='ocrx_word' id='word_1_31' title='bbox 1043 436 1197 467; x_wconf 83' lang='lat' dir='ltr'>noticiam</span> <span class='ocrx_word' id='word_1_32' title='bbox 1228 433 1422 466; x_wconf 80' lang='lat' dir='ltr'>deducimus</span> <span class='ocrx_word' id='word_1_33' title='bbox 1443 437 1473 465; x_wconf 84' lang='lat' dir='ltr'>et</span> <span class='ocrx_word' id='word_1_34' title='bbox 1495 432 1611 464; x_wconf 83' lang='lat' dir='ltr'>deduci</span> <span class='ocrx_word' id='word_1_35' title='bbox 1634 430 1786 463; x_wconf 75' lang='lat' dir='ltr'>volumus</span> <span class='ocrx_word' id='word_1_36' title='bbox 1813 441 1872 475; x_wconf 89' lang='lat' dir='ltr'>per</span> <span class='ocrx_word' id='word_1_37' title='bbox 1892 434 2067 475; x_wconf 81' lang='lat' dir='ltr'><strong>presentes</strong></span> <span class='ocrx_word' id='word_1_38' title='bbox 2088 439 2217 474; x_wconf 83' lang='lat' dir='ltr'>vosque</span> 
     </span>
     <span class='ocr_line' id='line_1_5' title="bbox 356 488 2217 540; baseline -0.006 -7"><span class='ocrx_word' id='word_1_39' title='bbox 356 503 576 533; x_wconf 84' lang='lat' dir='ltr'>communiter</span> <span class='ocrx_word' id='word_1_40' title='bbox 597 502 626 530; x_wconf 86' lang='lat' dir='ltr'>et</span> <span class='ocrx_word' id='word_1_41' title='bbox 649 498 778 530; x_wconf 70' lang='lat' dir='ltr'>divisim</span> <span class='ocrx_word' id='word_1_42' title='bbox 798 499 995 540; x_wconf 67' lang='lat' dir='ltr'>requirimus</span> <span class='ocrx_word' id='word_1_43' title='bbox 1017 499 1046 528; x_wconf 86' lang='lat' dir='ltr'>et</span> <span class='ocrx_word' id='word_1_44' title='bbox 1069 504 1242 527; x_wconf 90' lang='lat' dir='ltr'>monemus</span> <span class='ocrx_word' id='word_1_45' title='bbox 1263 505 1301 526; x_wconf 80' lang='lat' dir='ltr'>ae</span> <span class='ocrx_word' id='word_1_46' title='bbox 1324 492 1418 525; x_wconf 73' lang='lat' dir='ltr'>vobis</span> <span class='ocrx_word' id='word_1_47' title='bbox 1441 495 1470 525; x_wconf 92' lang='lat' dir='ltr'>in</span> <span class='ocrx_word' id='word_1_48' title='bbox 1491 495 1614 524; x_wconf 75' lang='lat' dir='ltr'>virtute</span> <span class='ocrx_word' id='word_1_49' title='bbox 1634 494 1749 524; x_wconf 86' lang='lat' dir='ltr'>sancte</span> <span class='ocrx_word' id='word_1_50' title='bbox 1770 489 1967 523; x_wconf 74' lang='lat' dir='ltr'>obediencie</span> <span class='ocrx_word' id='word_1_51' title='bbox 1983 494 2016 523; x_wconf 83' lang='lat' dir='ltr'>et</span> <span class='ocrx_word' id='word_1_52' title='bbox 2031 488 2091 523; x_wconf 91' lang='lat' dir='ltr'>suh</span> <span class='ocrx_word' id='word_1_53' title='bbox 2108 489 2217 523; x_wconf 82' lang='lat' dir='ltr'>infra-</span> 
     </span>
     <span class='ocr_line' id='line_1_6' title="bbox 357 549 2218 605; baseline -0.005 -12"><span class='ocrx_word' id='word_1_54' title='bbox 357 563 488 605; x_wconf 73' lang='lat' dir='ltr'>scriptis</span> <span class='ocrx_word' id='word_1_55' title='bbox 509 562 602 604; x_wconf 82' lang='lat' dir='ltr'>penis</span> <span class='ocrx_word' id='word_1_56' title='bbox 617 558 764 591; x_wconf 87' lang='lat' dir='ltr'>districte</span> <span class='ocrx_word' id='word_1_57' title='bbox 777 556 991 601; x_wconf 87' lang='lat' dir='ltr'>precipiendo</span> <span class='ocrx_word' id='word_1_58' title='bbox 1010 554 1214 587; x_wconf 86' lang='lat' dir='ltr'>mandamus.</span> <span class='ocrx_word' id='word_1_59' title='bbox 1237 558 1398 598; x_wconf 86' lang='lat' dir='ltr'>quatenus</span> <span class='ocrx_word' id='word_1_60' title='bbox 1411 553 1485 585; x_wconf 87' lang='lat' dir='ltr'>dum</span> <span class='ocrx_word' id='word_1_61' title='bbox 1504 556 1532 585; x_wconf 87' lang='lat' dir='ltr'>et</span> <span class='ocrx_word' id='word_1_62' title='bbox 1551 554 1687 596; x_wconf 87' lang='lat' dir='ltr'>quocies</span> <span class='ocrx_word' id='word_1_63' title='bbox 1705 561 1763 596; x_wconf 88' lang='lat' dir='ltr'>pro</span> <span class='ocrx_word' id='word_1_64' title='bbox 1780 555 1872 595; x_wconf 83' lang='lat' dir='ltr'>parte</span> <span class='ocrx_word' id='word_1_65' title='bbox 1889 550 2091 584; x_wconf 85' lang='lat' dir='ltr'>dictarum..</span> <span class='ocrx_word' id='word_1_66' title='bbox 2109 549 2218 584; x_wconf 77' lang='lat' dir='ltr'>abba-</span> 
     </span>
     <span class='ocr_line' id='line_1_7' title="bbox 358 610 2219 660; baseline -0.005 -7"><span class='ocrx_word' id='word_1_67' title='bbox 358 624 436 654; x_wconf 86' lang='lat' dir='ltr'>tissc</span> <span class='ocrx_word' id='word_1_68' title='bbox 453 624 482 653; x_wconf 86' lang='lat' dir='ltr'>ct</span> <span class='ocrx_word' id='word_1_69' title='bbox 501 623 685 652; x_wconf 76' lang='lat' dir='ltr'>comentus</span> <span class='ocrx_word' id='word_1_70' title='bbox 703 618 829 651; x_wconf 79' lang='lat' dir='ltr'>fueritis</span> <span class='ocrx_word' id='word_1_71' title='bbox 847 618 993 660; x_wconf 87' lang='lat' dir='ltr'>requisiti</span> <span class='ocrx_word' id='word_1_72' title='bbox 1006 626 1064 648; x_wconf 87' lang='lat' dir='ltr'>sen</span> <span class='ocrx_word' id='word_1_73' title='bbox 1075 615 1158 647; x_wconf 83' lang='lat' dir='ltr'>alter</span> <span class='ocrx_word' id='word_1_74' title='bbox 1170 618 1316 647; x_wconf 69' lang='lat' dir='ltr'>vestrum</span> <span class='ocrx_word' id='word_1_75' title='bbox 1336 613 1431 646; x_wconf 84' lang='lat' dir='ltr'>suerit</span> <span class='ocrx_word' id='word_1_76' title='bbox 1449 615 1639 657; x_wconf 80' lang='lat' dir='ltr'>requisitus.</span> <span class='ocrx_word' id='word_1_77' title='bbox 1653 611 1758 644; x_wconf 87' lang='lat' dir='ltr'>dictos</span> <span class='ocrx_word' id='word_1_78' title='bbox 1770 613 1974 656; x_wconf 79' lang='lat' dir='ltr'>prepositum</span> <span class='ocrx_word' id='word_1_79' title='bbox 1987 617 2017 646; x_wconf 85' lang='lat' dir='ltr'>et</span> <span class='ocrx_word' id='word_1_80' title='bbox 2030 610 2219 656; x_wconf 79' lang='lat' dir='ltr'>singulares</span> 
     </span>
     <span class='ocr_line' id='line_1_8' title="bbox 357 670 2215 724; baseline -0.004 -11"><span class='ocrx_word' id='word_1_81' title='bbox 357 684 537 714; x_wconf 79' lang='lat' dir='ltr'>canonicos</span> <span class='ocrx_word' id='word_1_82' title='bbox 568 678 698 724; x_wconf 82' lang='lat' dir='ltr'>capituli</span> <span class='ocrx_word' id='word_1_83' title='bbox 729 690 767 710; x_wconf 85' lang='lat' dir='ltr'>ae</span> <span class='ocrx_word' id='word_1_84' title='bbox 797 676 987 710; x_wconf 78' lang='lat' dir='ltr'>Com-adum</span> <span class='ocrx_word' id='word_1_85' title='bbox 1018 673 1203 708; x_wconf 81' lang='lat' dir='ltr'>Smerbeek</span> <span class='ocrx_word' id='word_1_86' title='bbox 1235 677 1316 706; x_wconf 81' lang='lat' dir='ltr'>sicut</span> <span class='ocrx_word' id='word_1_87' title='bbox 1357 676 1557 719; x_wconf 82' lang='lat' dir='ltr'>premittitur</span> <span class='ocrx_word' id='word_1_88' title='bbox 1595 675 1905 705; x_wconf 84' lang='lat' dir='ltr'>excoinimmicatos</span> <span class='ocrx_word' id='word_1_89' title='bbox 1934 676 1966 705; x_wconf 82' lang='lat' dir='ltr'>et</span> <span class='ocrx_word' id='word_1_90' title='bbox 1995 674 2099 705; x_wconf 85' lang='lat' dir='ltr'>sancti</span> <span class='ocrx_word' id='word_1_91' title='bbox 2129 670 2215 705; x_wconf 83' lang='lat' dir='ltr'>Petri</span> 
     </span>
     <span class='ocr_line' id='line_1_9' title="bbox 358 732 2219 781; baseline -0.005 -7"><span class='ocrx_word' id='word_1_92' title='bbox 358 746 387 774; x_wconf 86' lang='lat' dir='ltr'>et</span> <span class='ocrx_word' id='word_1_93' title='bbox 419 744 521 774; x_wconf 85' lang='lat' dir='ltr'>sancti</span> <span class='ocrx_word' id='word_1_94' title='bbox 552 740 667 772; x_wconf 86' lang='lat' dir='ltr'>Jacobi</span> <span class='ocrx_word' id='word_1_95' title='bbox 699 738 860 771; x_wconf 77' lang='lat' dir='ltr'>eeclesias</span> <span class='ocrx_word' id='word_1_96' title='bbox 890 736 1057 781; x_wconf 86' lang='lat' dir='ltr'>predictas</span> <span class='ocrx_word' id='word_1_97' title='bbox 1089 734 1281 768; x_wconf 84' lang='lat' dir='ltr'>interdictas</span> <span class='ocrx_word' id='word_1_98' title='bbox 1303 745 1360 767; x_wconf 89' lang='lat' dir='ltr'>seu</span> <span class='ocrx_word' id='word_1_99' title='bbox 1383 734 1614 767; x_wconf 83' lang='lat' dir='ltr'>ecclesiastico</span> <span class='ocrx_word' id='word_1_100' title='bbox 1635 732 1810 766; x_wconf 84' lang='lat' dir='ltr'>interdicto</span> <span class='ocrx_word' id='word_1_101' title='bbox 1835 735 2023 778; x_wconf 83' lang='lat' dir='ltr'>suppositas</span> <span class='ocrx_word' id='word_1_102' title='bbox 2044 735 2075 766; x_wconf 94' lang='lat' dir='ltr'>in</span> <span class='ocrx_word' id='word_1_103' title='bbox 2095 733 2219 766; x_wconf 82' lang='lat' dir='ltr'>vestris</span> 
     </span>
     <span class='ocr_line' id='line_1_10' title="bbox 359 791 2219 842; baseline -0.005 -7"><span class='ocrx_word' id='word_1_104' title='bbox 359 802 513 835; x_wconf 77' lang='lat' dir='ltr'>ecclesiis</span> <span class='ocrx_word' id='word_1_105' title='bbox 544 802 755 833; x_wconf 81' lang='lat' dir='ltr'>monasteriis</span> <span class='ocrx_word' id='word_1_106' title='bbox 785 803 812 831; x_wconf 93' lang='lat' dir='ltr'>et</span> <span class='ocrx_word' id='word_1_107' title='bbox 845 796 982 842; x_wconf 84' lang='lat' dir='ltr'>capellis</span> <span class='ocrx_word' id='word_1_108' title='bbox 1013 808 1050 828; x_wconf 85' lang='lat' dir='ltr'>ae</span> <span class='ocrx_word' id='word_1_109' title='bbox 1081 797 1153 828; x_wconf 90' lang='lat' dir='ltr'>aliis</span> <span class='ocrx_word' id='word_1_110' title='bbox 1192 795 1274 828; x_wconf 85' lang='lat' dir='ltr'>loeis</span> <span class='ocrx_word' id='word_1_111' title='bbox 1313 793 1452 840; x_wconf 86' lang='lat' dir='ltr'>publicis</span> <span class='ocrx_word' id='word_1_112' title='bbox 1490 799 1521 827; x_wconf 85' lang='lat' dir='ltr'>et</span> <span class='ocrx_word' id='word_1_113' title='bbox 1560 794 1698 827; x_wconf 85' lang='lat' dir='ltr'>idoneis.</span> <span class='ocrx_word' id='word_1_114' title='bbox 1729 792 1782 826; x_wconf 89' lang='lat' dir='ltr'>uhi</span> <span class='ocrx_word' id='word_1_115' title='bbox 1813 798 1845 827; x_wconf 89' lang='lat' dir='ltr'>et</span> <span class='ocrx_word' id='word_1_116' title='bbox 1874 793 2006 838; x_wconf 87' lang='lat' dir='ltr'>quando</span> <span class='ocrx_word' id='word_1_117' title='bbox 2035 791 2219 838; x_wconf 82' lang='lat' dir='ltr'>expediens</span> 
     </span>
     <span class='ocr_line' id='line_1_11' title="bbox 359 852 2219 903; baseline -0.005 -8"><span class='ocrx_word' id='word_1_118' title='bbox 359 864 468 895; x_wconf 79' lang='lat' dir='ltr'>suerit.</span> <span class='ocrx_word' id='word_1_119' title='bbox 509 862 714 894; x_wconf 71' lang='lat' dir='ltr'>denuncietis</span> <span class='ocrx_word' id='word_1_120' title='bbox 754 858 970 903; x_wconf 86' lang='lat' dir='ltr'>solempnitcr</span> <span class='ocrx_word' id='word_1_121' title='bbox 1008 862 1037 889; x_wconf 89' lang='lat' dir='ltr'>et</span> <span class='ocrx_word' id='word_1_122' title='bbox 1078 855 1252 901; x_wconf 88' lang='lat' dir='ltr'>publicetis</span> <span class='ocrx_word' id='word_1_123' title='bbox 1291 866 1330 887; x_wconf 91' lang='lat' dir='ltr'>ac</span> <span class='ocrx_word' id='word_1_124' title='bbox 1369 854 1498 888; x_wconf 84' lang='lat' dir='ltr'>faciatis</span> <span class='ocrx_word' id='word_1_125' title='bbox 1535 866 1552 887; x_wconf 85' lang='lat' dir='ltr'>a</span> <span class='ocrx_word' id='word_1_126' title='bbox 1592 857 1720 887; x_wconf 86' lang='lat' dir='ltr'>cunctis</span> <span class='ocrx_word' id='word_1_127' title='bbox 1758 854 1879 887; x_wconf 71' lang='lat' dir='ltr'>Christi</span> <span class='ocrx_word' id='word_1_128' title='bbox 1923 852 2073 887; x_wconf 89' lang='lat' dir='ltr'>fidelibus</span> <span class='ocrx_word' id='word_1_129' title='bbox 2108 855 2219 887; x_wconf 83' lang='lat' dir='ltr'>arcius</span> 
     </span>
     <span class='ocr_line' id='line_1_12' title="bbox 359 913 2219 964; baseline -0.004 -10"><span class='ocrx_word' id='word_1_130' title='bbox 359 925 489 955; x_wconf 62' lang='lat' dir='ltr'>evitari.</span> <span class='ocrx_word' id='word_1_131' title='bbox 522 921 628 954; x_wconf 85' lang='lat' dir='ltr'>donec</span> <span class='ocrx_word' id='word_1_132' title='bbox 658 925 687 953; x_wconf 82' lang='lat' dir='ltr'>ct</span> <span class='ocrx_word' id='word_1_133' title='bbox 719 930 891 964; x_wconf 87' lang='lat' dir='ltr'>quousque</span> <span class='ocrx_word' id='word_1_134' title='bbox 922 920 1044 951; x_wconf 82' lang='lat' dir='ltr'>nostris</span> <span class='ocrx_word' id='word_1_135' title='bbox 1075 920 1138 949; x_wconf 91' lang='lat' dir='ltr'>imo</span> <span class='ocrx_word' id='word_1_136' title='bbox 1168 918 1282 949; x_wconf 71' lang='lat' dir='ltr'>verius</span> <span class='ocrx_word' id='word_1_137' title='bbox 1312 916 1503 961; x_wconf 81' lang='lat' dir='ltr'>apostolicis</span> <span class='ocrx_word' id='word_1_138' title='bbox 1533 918 1685 948; x_wconf 88' lang='lat' dir='ltr'>venerint</span> <span class='ocrx_word' id='word_1_139' title='bbox 1713 926 1833 960; x_wconf 82' lang='lat' dir='ltr'>parere</span> <span class='ocrx_word' id='word_1_140' title='bbox 1854 914 2017 948; x_wconf 82' lang='lat' dir='ltr'>mandatis</span> <span class='ocrx_word' id='word_1_141' title='bbox 2037 913 2091 950; x_wconf 83' lang='lat' dir='ltr'>vel</span> <span class='ocrx_word' id='word_1_142' title='bbox 2112 913 2219 948; x_wconf 86' lang='lat' dir='ltr'>donec</span> 
     </span>
     <span class='ocr_line' id='line_1_13' title="bbox 359 975 2220 1025; baseline -0.003 -10"><span class='ocrx_word' id='word_1_143' title='bbox 359 983 444 1016; x_wconf 86' lang='lat' dir='ltr'>aliud</span> <span class='ocrx_word' id='word_1_144' title='bbox 476 995 491 1014; x_wconf 87' lang='lat' dir='ltr'>a</span> <span class='ocrx_word' id='word_1_145' title='bbox 523 981 617 1014; x_wconf 89' lang='lat' dir='ltr'>nobis</span> <span class='ocrx_word' id='word_1_146' title='bbox 647 980 700 1013; x_wconf 74' lang='lat' dir='ltr'>vel</span> <span class='ocrx_word' id='word_1_147' title='bbox 731 982 894 1025; x_wconf 83' lang='lat' dir='ltr'>superiori</span> <span class='ocrx_word' id='word_1_148' title='bbox 925 983 1040 1012; x_wconf 86' lang='lat' dir='ltr'>nostro</span> <span class='ocrx_word' id='word_1_149' title='bbox 1079 979 1276 1022; x_wconf 81' lang='lat' dir='ltr'>reciperetis</span> <span class='ocrx_word' id='word_1_150' title='bbox 1317 976 1489 1010; x_wconf 83' lang='lat' dir='ltr'>mandatis.</span> <span class='ocrx_word' id='word_1_151' title='bbox 1534 976 1674 1022; x_wconf 83' lang='lat' dir='ltr'>Insuper</span> <span class='ocrx_word' id='word_1_152' title='bbox 1704 979 1900 1010; x_wconf 88' lang='lat' dir='ltr'>auctoritate.</span> <span class='ocrx_word' id='word_1_153' title='bbox 1930 975 2126 1022; x_wconf 70' lang='lat' dir='ltr'>apostolica„</span> <span class='ocrx_word' id='word_1_154' title='bbox 2145 985 2220 1020; x_wconf 78' lang='lat' dir='ltr'>.qua</span> 
     </span>
     <span class='ocr_line' id='line_1_14' title="bbox 360 1036 2220 1087; baseline -0.003 -11"><span class='ocrx_word' id='word_1_155' title='bbox 360 1045 527 1087; x_wconf 60' lang='lat' dir='ltr'>t&#39;ungiinur</span> <span class='ocrx_word' id='word_1_156' title='bbox 558 1045 586 1074; x_wconf 94' lang='lat' dir='ltr'>iu</span> <span class='ocrx_word' id='word_1_157' title='bbox 619 1041 679 1074; x_wconf 86' lang='lat' dir='ltr'>hae</span> <span class='ocrx_word' id='word_1_158' title='bbox 710 1045 813 1086; x_wconf 89' lang='lat' dir='ltr'>parte.</span> <span class='ocrx_word' id='word_1_159' title='bbox 845 1052 906 1072; x_wconf 62' lang='lat' dir='ltr'>vos</span> <span class='ocrx_word' id='word_1_160' title='bbox 936 1050 1052 1072; x_wconf 86' lang='lat' dir='ltr'>omnes</span> <span class='ocrx_word' id='word_1_161' title='bbox 1083 1042 1112 1070; x_wconf 88' lang='lat' dir='ltr'>et</span> <span class='ocrx_word' id='word_1_162' title='bbox 1144 1037 1294 1081; x_wconf 65' lang='lat' dir='ltr'>singulos</span> <span class='ocrx_word' id='word_1_163' title='bbox 1324 1037 1533 1071; x_wconf 79' lang='lat' dir='ltr'>reverendos</span> <span class='ocrx_word' id='word_1_164' title='bbox 1562 1042 1675 1083; x_wconf 85' lang='lat' dir='ltr'>patres</span> <span class='ocrx_word' id='word_1_165' title='bbox 1705 1042 1735 1071; x_wconf 86' lang='lat' dir='ltr'>ct</span> <span class='ocrx_word' id='word_1_166' title='bbox 1766 1037 1918 1071; x_wconf 86' lang='lat' dir='ltr'>dominos</span> <span class='ocrx_word' id='word_1_167' title='bbox 1947 1036 2220 1082; x_wconf 73' lang='lat' dir='ltr'>archiepiscopos</span> 
     </span>
     <span class='ocr_line' id='line_1_15' title="bbox 361 1096 2220 1149; baseline -0.004 -12"><span class='ocrx_word' id='word_1_168' title='bbox 361 1110 389 1137; x_wconf 83' lang='lat' dir='ltr'>et</span> <span class='ocrx_word' id='word_1_169' title='bbox 421 1107 598 1149; x_wconf 78' lang='lat' dir='ltr'>episcopos</span> <span class='ocrx_word' id='word_1_170' title='bbox 628 1114 666 1134; x_wconf 84' lang='lat' dir='ltr'>ac</span> <span class='ocrx_word' id='word_1_171' title='bbox 703 1100 839 1134; x_wconf 80' lang='lat' dir='ltr'>abbates</span> <span class='ocrx_word' id='word_1_172' title='bbox 878 1103 1008 1145; x_wconf 83' lang='lat' dir='ltr'>priores</span> <span class='ocrx_word' id='word_1_173' title='bbox 1048 1102 1236 1144; x_wconf 87' lang='lat' dir='ltr'>prepositos</span> <span class='ocrx_word' id='word_1_174' title='bbox 1276 1098 1423 1132; x_wconf 83' lang='lat' dir='ltr'>decanos</span> <span class='ocrx_word' id='word_1_175' title='bbox 1461 1098 1718 1132; x_wconf 73' lang='lat' dir='ltr'>archidiaconos</span> <span class='ocrx_word' id='word_1_176' title='bbox 1757 1098 1986 1131; x_wconf 77' lang='lat' dir='ltr'>thesaur-arios</span> <span class='ocrx_word' id='word_1_177' title='bbox 2024 1096 2220 1131; x_wconf 73' lang='lat' dir='ltr'>scolasticos</span> 
     </span>
     <span class='ocr_line' id='line_1_16' title="bbox 360 1157 2221 1207; baseline -0.003 -11"><span class='ocrx_word' id='word_1_178' title='bbox 360 1169 515 1197; x_wconf 59' lang='lat' dir='ltr'>«putores</span> <span class='ocrx_word' id='word_1_179' title='bbox 545 1173 725 1207; x_wconf 81' lang='lat' dir='ltr'>omnesque</span> <span class='ocrx_word' id='word_1_180' title='bbox 755 1161 836 1194; x_wconf 87' lang='lat' dir='ltr'>alios</span> <span class='ocrx_word' id='word_1_181' title='bbox 867 1164 958 1193; x_wconf 72' lang='lat' dir='ltr'>viros</span> <span class='ocrx_word' id='word_1_182' title='bbox 999 1160 1247 1192; x_wconf 85' lang='lat' dir='ltr'>ecclesiasticos</span> <span class='ocrx_word' id='word_1_183' title='bbox 1284 1159 1493 1205; x_wconf 86' lang='lat' dir='ltr'>supradictos</span> <span class='ocrx_word' id='word_1_184' title='bbox 1532 1163 1561 1192; x_wconf 93' lang='lat' dir='ltr'>et</span> <span class='ocrx_word' id='word_1_185' title='bbox 1602 1163 1749 1193; x_wconf 76' lang='lat' dir='ltr'>vestrum</span> <span class='ocrx_word' id='word_1_186' title='bbox 1780 1157 1959 1204; x_wconf 90' lang='lat' dir='ltr'>quemlihet</span> <span class='ocrx_word' id='word_1_187' title='bbox 1990 1162 2107 1191; x_wconf 85' lang='lat' dir='ltr'>tenore</span> <span class='ocrx_word' id='word_1_188' title='bbox 2136 1167 2221 1203; x_wconf 87' lang='lat' dir='ltr'>pre—</span> 
     </span>
     <span class='ocr_line' id='line_1_17' title="bbox 360 1218 2221 1268; baseline -0.003 -12"><span class='ocrx_word' id='word_1_189' title='bbox 360 1228 506 1258; x_wconf 62' lang='lat' dir='ltr'>sencium</span> <span class='ocrx_word' id='word_1_190' title='bbox 546 1226 745 1268; x_wconf 86' lang='lat' dir='ltr'>requirinnis</span> <span class='ocrx_word' id='word_1_191' title='bbox 782 1225 811 1254; x_wconf 92' lang='lat' dir='ltr'>et</span> <span class='ocrx_word' id='word_1_192' title='bbox 851 1232 1025 1254; x_wconf 81' lang='lat' dir='ltr'>numenius</span> <span class='ocrx_word' id='word_1_193' title='bbox 1064 1222 1285 1253; x_wconf 89' lang='lat' dir='ltr'>communiter</span> <span class='ocrx_word' id='word_1_194' title='bbox 1323 1224 1354 1253; x_wconf 91' lang='lat' dir='ltr'>ct</span> <span class='ocrx_word' id='word_1_195' title='bbox 1390 1220 1520 1253; x_wconf 76' lang='lat' dir='ltr'>divisim</span> <span class='ocrx_word' id='word_1_196' title='bbox 1560 1219 1724 1265; x_wconf 76' lang='lat' dir='ltr'>vobisque</span> <span class='ocrx_word' id='word_1_197' title='bbox 1763 1224 1794 1253; x_wconf 84' lang='lat' dir='ltr'>et</span> <span class='ocrx_word' id='word_1_198' title='bbox 1832 1218 1965 1253; x_wconf 81' lang='lat' dir='ltr'>cuilibet</span> <span class='ocrx_word' id='word_1_199' title='bbox 2001 1222 2150 1252; x_wconf 81' lang='lat' dir='ltr'>vestrum</span> <span class='ocrx_word' id='word_1_200' title='bbox 2189 1220 2221 1251; x_wconf 93' lang='lat' dir='ltr'>in</span> 
     </span>
     <span class='ocr_line' id='line_1_18' title="bbox 364 1277 2221 1326; baseline -0.004 -6"><span class='ocrx_word' id='word_1_201' title='bbox 364 1290 483 1319; x_wconf 73' lang='lat' dir='ltr'>virtute</span> <span class='ocrx_word' id='word_1_202' title='bbox 513 1289 627 1318; x_wconf 81' lang='lat' dir='ltr'>sancte</span> <span class='ocrx_word' id='word_1_203' title='bbox 657 1283 853 1316; x_wconf 85' lang='lat' dir='ltr'>obediencie</span> <span class='ocrx_word' id='word_1_204' title='bbox 883 1287 911 1315; x_wconf 89' lang='lat' dir='ltr'>et</span> <span class='ocrx_word' id='word_1_205' title='bbox 943 1281 1003 1315; x_wconf 82' lang='lat' dir='ltr'>sub</span> <span class='ocrx_word' id='word_1_206' title='bbox 1034 1282 1254 1326; x_wconf 85' lang='lat' dir='ltr'>insi-ascriptis</span> <span class='ocrx_word' id='word_1_207' title='bbox 1279 1284 1524 1315; x_wconf 85' lang='lat' dir='ltr'>scntcnciaruin</span> <span class='ocrx_word' id='word_1_208' title='bbox 1547 1284 1640 1326; x_wconf 90' lang='lat' dir='ltr'>penis</span> <span class='ocrx_word' id='word_1_209' title='bbox 1671 1281 1820 1314; x_wconf 86' lang='lat' dir='ltr'>districtc</span> <span class='ocrx_word' id='word_1_210' title='bbox 1840 1280 2056 1326; x_wconf 85' lang='lat' dir='ltr'>precipiendo</span> <span class='ocrx_word' id='word_1_211' title='bbox 2077 1277 2221 1313; x_wconf 83' lang='lat' dir='ltr'>manda—</span> 
     </span>
     <span class='ocr_line' id='line_1_19' title="bbox 362 1339 2222 1387; baseline -0.003 -8"><span class='ocrx_word' id='word_1_212' title='bbox 362 1358 444 1380; x_wconf 82' lang='lat' dir='ltr'>mus.</span> <span class='ocrx_word' id='word_1_213' title='bbox 475 1346 567 1378; x_wconf 72' lang='lat' dir='ltr'>salva</span> <span class='ocrx_word' id='word_1_214' title='bbox 598 1349 706 1377; x_wconf 87' lang='lat' dir='ltr'>tamen</span> <span class='ocrx_word' id='word_1_215' title='bbox 738 1343 973 1376; x_wconf 83' lang='lat' dir='ltr'>inoderacione</span> <span class='ocrx_word' id='word_1_216' title='bbox 1013 1342 1221 1387; x_wconf 79' lang='lat' dir='ltr'>infrascripta</span> <span class='ocrx_word' id='word_1_217' title='bbox 1259 1344 1347 1375; x_wconf 89' lang='lat' dir='ltr'>circa</span> <span class='ocrx_word' id='word_1_218' title='bbox 1384 1353 1446 1375; x_wconf 74' lang='lat' dir='ltr'>vos</span> <span class='ocrx_word' id='word_1_219' title='bbox 1484 1342 1654 1387; x_wconf 81' lang='lat' dir='ltr'>predictos</span> <span class='ocrx_word' id='word_1_220' title='bbox 1693 1341 1844 1375; x_wconf 87' lang='lat' dir='ltr'>dominos</span> <span class='ocrx_word' id='word_1_221' title='bbox 1883 1339 2157 1386; x_wconf 81' lang='lat' dir='ltr'>archiepiscopos</span> <span class='ocrx_word' id='word_1_222' title='bbox 2190 1343 2222 1373; x_wconf 80' lang='lat' dir='ltr'>et</span> 
     </span>
     <span class='ocr_line' id='line_1_20' title="bbox 361 1400 2221 1452; baseline -0.002 -14"><span class='ocrx_word' id='word_1_223' title='bbox 361 1410 548 1452; x_wconf 78' lang='lat' dir='ltr'>episcopos.</span> <span class='ocrx_word' id='word_1_224' title='bbox 580 1409 742 1450; x_wconf 82' lang='lat' dir='ltr'>quatenus</span> <span class='ocrx_word' id='word_1_225' title='bbox 772 1407 878 1437; x_wconf 86' lang='lat' dir='ltr'>statim</span> <span class='ocrx_word' id='word_1_226' title='bbox 919 1406 999 1436; x_wconf 72' lang='lat' dir='ltr'>visis</span> <span class='ocrx_word' id='word_1_227' title='bbox 1037 1402 1248 1448; x_wconf 83' lang='lat' dir='ltr'>presentibus</span> <span class='ocrx_word' id='word_1_228' title='bbox 1289 1401 1371 1436; x_wconf 84' lang='lat' dir='ltr'>iufra</span> <span class='ocrx_word' id='word_1_229' title='bbox 1413 1407 1480 1436; x_wconf 87' lang='lat' dir='ltr'>tres</span> <span class='ocrx_word' id='word_1_230' title='bbox 1519 1402 1602 1436; x_wconf 88' lang='lat' dir='ltr'>dies.</span> <span class='ocrx_word' id='word_1_231' title='bbox 1633 1407 1806 1448; x_wconf 85' lang='lat' dir='ltr'>postquam</span> <span class='ocrx_word' id='word_1_232' title='bbox 1846 1413 1905 1447; x_wconf 87' lang='lat' dir='ltr'>pro</span> <span class='ocrx_word' id='word_1_233' title='bbox 1935 1405 2030 1447; x_wconf 87' lang='lat' dir='ltr'>parte</span> <span class='ocrx_word' id='word_1_234' title='bbox 2059 1400 2221 1434; x_wconf 87' lang='lat' dir='ltr'>dictarum</span> 
     </span>
     <span class='ocr_line' id='line_1_21' title="bbox 362 1462 2223 1508; baseline -0.003 -8"><span class='ocrx_word' id='word_1_235' title='bbox 362 1467 528 1500; x_wconf 78' lang='lat' dir='ltr'>abbatisse</span> <span class='ocrx_word' id='word_1_236' title='bbox 559 1471 587 1498; x_wconf 93' lang='lat' dir='ltr'>et</span> <span class='ocrx_word' id='word_1_237' title='bbox 619 1470 805 1498; x_wconf 80' lang='lat' dir='ltr'>conventus</span> <span class='ocrx_word' id='word_1_238' title='bbox 835 1464 962 1497; x_wconf 80' lang='lat' dir='ltr'>fueritis</span> <span class='ocrx_word' id='word_1_239' title='bbox 993 1466 1140 1508; x_wconf 78' lang='lat' dir='ltr'>requisiti</span> <span class='ocrx_word' id='word_1_240' title='bbox 1171 1474 1229 1496; x_wconf 89' lang='lat' dir='ltr'>scu</span> <span class='ocrx_word' id='word_1_241' title='bbox 1259 1463 1342 1496; x_wconf 88' lang='lat' dir='ltr'>alter</span> <span class='ocrx_word' id='word_1_242' title='bbox 1370 1467 1518 1496; x_wconf 77' lang='lat' dir='ltr'>vestrum</span> <span class='ocrx_word' id='word_1_243' title='bbox 1550 1462 1647 1496; x_wconf 86' lang='lat' dir='ltr'>fuerit</span> <span class='ocrx_word' id='word_1_244' title='bbox 1679 1466 1869 1508; x_wconf 61' lang='lat' dir='ltr'>requisitus„</span> <span class='ocrx_word' id='word_1_245' title='bbox 1895 1462 2082 1496; x_wconf 89' lang='lat' dir='ltr'>huiusmodi</span> <span class='ocrx_word' id='word_1_246' title='bbox 2104 1463 2223 1507; x_wconf 82' lang='lat' dir='ltr'>requi-</span> 
     </span>
     <span class='ocr_line' id='line_1_22' title="bbox 366 1521 2222 1570; baseline -0.002 -10"><span class='ocrx_word' id='word_1_247' title='bbox 366 1531 523 1560; x_wconf 78' lang='lat' dir='ltr'>sicionem</span> <span class='ocrx_word' id='word_1_248' title='bbox 556 1526 743 1559; x_wconf 85' lang='lat' dir='ltr'>immediate</span> <span class='ocrx_word' id='word_1_249' title='bbox 773 1529 963 1570; x_wconf 80' lang='lat' dir='ltr'>sequentes.</span> <span class='ocrx_word' id='word_1_250' title='bbox 994 1535 1132 1569; x_wconf 88' lang='lat' dir='ltr'>quorum</span> <span class='ocrx_word' id='word_1_251' title='bbox 1164 1527 1259 1557; x_wconf 85' lang='lat' dir='ltr'>trium</span> <span class='ocrx_word' id='word_1_252' title='bbox 1282 1524 1409 1557; x_wconf 87' lang='lat' dir='ltr'>dierum</span> <span class='ocrx_word' id='word_1_253' title='bbox 1440 1535 1537 1557; x_wconf 89' lang='lat' dir='ltr'>unmn</span> <span class='ocrx_word' id='word_1_254' title='bbox 1569 1535 1629 1569; x_wconf 90' lang='lat' dir='ltr'>pro</span> <span class='ocrx_word' id='word_1_255' title='bbox 1659 1527 1764 1569; x_wconf 90' lang='lat' dir='ltr'>primo</span> <span class='ocrx_word' id='word_1_256' title='bbox 1794 1534 1892 1557; x_wconf 91' lang='lat' dir='ltr'>unum</span> <span class='ocrx_word' id='word_1_257' title='bbox 1923 1534 1983 1569; x_wconf 88' lang='lat' dir='ltr'>pro</span> <span class='ocrx_word' id='word_1_258' title='bbox 2012 1521 2161 1557; x_wconf 87' lang='lat' dir='ltr'>seeundo</span> <span class='ocrx_word' id='word_1_259' title='bbox 2189 1525 2222 1556; x_wconf 85' lang='lat' dir='ltr'>et</span> 
     </span>
     <span class='ocr_line' id='line_1_23' title="bbox 364 1584 2223 1632; baseline -0.003 -11"><span class='ocrx_word' id='word_1_260' title='bbox 364 1589 523 1632; x_wconf 86' lang='lat' dir='ltr'>reliquum</span> <span class='ocrx_word' id='word_1_261' title='bbox 555 1587 639 1620; x_wconf 88' lang='lat' dir='ltr'>diem</span> <span class='ocrx_word' id='word_1_262' title='bbox 671 1585 766 1619; x_wconf 68' lang='lat' dir='ltr'>vobis</span> <span class='ocrx_word' id='word_1_263' title='bbox 796 1589 963 1619; x_wconf 70' lang='lat' dir='ltr'>universis</span> <span class='ocrx_word' id='word_1_264' title='bbox 993 1590 1022 1617; x_wconf 89' lang='lat' dir='ltr'>et</span> <span class='ocrx_word' id='word_1_265' title='bbox 1063 1584 1201 1626; x_wconf 61' lang='lat' dir='ltr'>sing-ulis</span> <span class='ocrx_word' id='word_1_266' title='bbox 1238 1596 1297 1630; x_wconf 93' lang='lat' dir='ltr'>pro</span> <span class='ocrx_word' id='word_1_267' title='bbox 1335 1588 1439 1618; x_wconf 86' lang='lat' dir='ltr'>tercio</span> <span class='ocrx_word' id='word_1_268' title='bbox 1469 1589 1501 1618; x_wconf 81' lang='lat' dir='ltr'>ct</span> <span class='ocrx_word' id='word_1_269' title='bbox 1539 1588 1765 1630; x_wconf 86' lang='lat' dir='ltr'>peremptorio</span> <span class='ocrx_word' id='word_1_270' title='bbox 1795 1587 1936 1618; x_wconf 91' lang='lat' dir='ltr'>termino</span> <span class='ocrx_word' id='word_1_271' title='bbox 1965 1595 2004 1617; x_wconf 87' lang='lat' dir='ltr'>ac</span> <span class='ocrx_word' id='word_1_272' title='bbox 2034 1585 2223 1617; x_wconf 85' lang='lat' dir='ltr'>monicione</span> 
     </span>
     <span class='ocr_line' id='line_1_24' title="bbox 363 1643 2223 1692; baseline -0.002 -11"><span class='ocrx_word' id='word_1_273' title='bbox 363 1651 522 1681; x_wconf 85' lang='lat' dir='ltr'>canonica</span> <span class='ocrx_word' id='word_1_274' title='bbox 566 1650 788 1684; x_wconf 61' lang='lat' dir='ltr'>assignamus.</span> <span class='ocrx_word' id='word_1_275' title='bbox 833 1646 980 1692; x_wconf 77' lang='lat' dir='ltr'>prefatos</span> <span class='ocrx_word' id='word_1_276' title='bbox 1023 1648 1226 1691; x_wconf 87' lang='lat' dir='ltr'>prepositum</span> <span class='ocrx_word' id='word_1_277' title='bbox 1270 1650 1299 1678; x_wconf 94' lang='lat' dir='ltr'>et</span> <span class='ocrx_word' id='word_1_278' title='bbox 1344 1645 1521 1692; x_wconf 85' lang='lat' dir='ltr'>capitulum</span> <span class='ocrx_word' id='word_1_279' title='bbox 1565 1645 1821 1691; x_wconf 69' lang='lat' dir='ltr'>singularesque</span> <span class='ocrx_word' id='word_1_280' title='bbox 1859 1656 2022 1691; x_wconf 87' lang='lat' dir='ltr'>personas</span> <span class='ocrx_word' id='word_1_281' title='bbox 2059 1643 2223 1687; x_wconf 70' lang='lat' dir='ltr'>ciusdem,</span> 
     </span>
     <span class='ocr_line' id='line_1_25' title="bbox 364 1704 2223 1750; baseline -0.002 -8"><span class='ocrx_word' id='word_1_282' title='bbox 364 1708 552 1743; x_wconf 22' lang='lat' dir='ltr'>(e&#39;onraduin</span> <span class='ocrx_word' id='word_1_283' title='bbox 584 1707 769 1741; x_wconf 69' lang='lat' dir='ltr'>Sinerbecli</span> <span class='ocrx_word' id='word_1_284' title='bbox 801 1712 830 1740; x_wconf 89' lang='lat' dir='ltr'>et</span> <span class='ocrx_word' id='word_1_285' title='bbox 861 1718 977 1740; x_wconf 89' lang='lat' dir='ltr'>onmes</span> <span class='ocrx_word' id='word_1_286' title='bbox 1007 1707 1089 1739; x_wconf 85' lang='lat' dir='ltr'>alios</span> <span class='ocrx_word' id='word_1_287' title='bbox 1120 1709 1148 1739; x_wconf 93' lang='lat' dir='ltr'>in</span> <span class='ocrx_word' id='word_1_288' title='bbox 1180 1705 1265 1739; x_wconf 88' lang='lat' dir='ltr'>dicta</span> <span class='ocrx_word' id='word_1_289' title='bbox 1296 1706 1438 1740; x_wconf 83' lang='lat' dir='ltr'>ccclesia</span> <span class='ocrx_word' id='word_1_290' title='bbox 1470 1709 1573 1740; x_wconf 82' lang='lat' dir='ltr'>sancti</span> <span class='ocrx_word' id='word_1_291' title='bbox 1603 1705 1718 1739; x_wconf 89' lang='lat' dir='ltr'>Jacobi</span> <span class='ocrx_word' id='word_1_292' title='bbox 1745 1707 1813 1750; x_wconf 86' lang='lat' dir='ltr'>jain</span> <span class='ocrx_word' id='word_1_293' title='bbox 1850 1706 1962 1739; x_wconf 77' lang='lat' dir='ltr'>forsan</span> <span class='ocrx_word' id='word_1_294' title='bbox 1993 1708 2140 1739; x_wconf 88' lang='lat' dir='ltr'>intrusos</span> <span class='ocrx_word' id='word_1_295' title='bbox 2168 1704 2223 1739; x_wconf 82' lang='lat' dir='ltr'>vel</span> 
     </span>
     <span class='ocr_line' id='line_1_26' title="bbox 366 1766 2224 1815; baseline -0.003 -12"><span class='ocrx_word' id='word_1_296' title='bbox 366 1774 394 1803; x_wconf 95' lang='lat' dir='ltr'>in</span> <span class='ocrx_word' id='word_1_297' title='bbox 425 1774 594 1815; x_wconf 81' lang='lat' dir='ltr'>posterum</span> <span class='ocrx_word' id='word_1_298' title='bbox 626 1768 842 1802; x_wconf 84' lang='lat' dir='ltr'>intrudendos</span> <span class='ocrx_word' id='word_1_299' title='bbox 872 1772 900 1799; x_wconf 92' lang='lat' dir='ltr'>et</span> <span class='ocrx_word' id='word_1_300' title='bbox 933 1766 1094 1812; x_wconf 66' lang='lat' dir='ltr'>quoslibet</span> <span class='ocrx_word' id='word_1_301' title='bbox 1127 1767 1208 1800; x_wconf 89' lang='lat' dir='ltr'>alios</span> <span class='ocrx_word' id='word_1_302' title='bbox 1239 1768 1504 1801; x_wconf 73' lang='lat' dir='ltr'>contradictores</span> <span class='ocrx_word' id='word_1_303' title='bbox 1534 1771 1563 1800; x_wconf 94' lang='lat' dir='ltr'>et</span> <span class='ocrx_word' id='word_1_304' title='bbox 1593 1766 1748 1801; x_wconf 82' lang='lat' dir='ltr'>rebelles.</span> <span class='ocrx_word' id='word_1_305' title='bbox 1770 1777 1921 1811; x_wconf 84' lang='lat' dir='ltr'>quosque</span> <span class='ocrx_word' id='word_1_306' title='bbox 1943 1776 2083 1812; x_wconf 77' lang='lat' dir='ltr'>presens</span> <span class='ocrx_word' id='word_1_307' title='bbox 2109 1769 2224 1799; x_wconf 83' lang='lat' dir='ltr'>noster</span> 
     </span>
     <span class='ocr_line' id='line_1_27' title="bbox 365 1827 2224 1876; baseline -0.002 -13"><span class='ocrx_word' id='word_1_308' title='bbox 365 1841 543 1876; x_wconf 80' lang='lat' dir='ltr'>processus</span> <span class='ocrx_word' id='word_1_309' title='bbox 573 1832 732 1868; x_wconf 61' lang='lat' dir='ltr'>contingit</span> <span class='ocrx_word' id='word_1_310' title='bbox 764 1834 793 1861; x_wconf 88' lang='lat' dir='ltr'>et</span> <span class='ocrx_word' id='word_1_311' title='bbox 824 1832 1021 1865; x_wconf 58' lang='lat' dir='ltr'>eontinfflwe</span> <span class='ocrx_word' id='word_1_312' title='bbox 1052 1833 1158 1873; x_wconf 87' lang='lat' dir='ltr'>potest</span> <span class='ocrx_word' id='word_1_313' title='bbox 1192 1831 1222 1862; x_wconf 95' lang='lat' dir='ltr'>in</span> <span class='ocrx_word' id='word_1_314' title='bbox 1254 1827 1314 1861; x_wconf 90' lang='lat' dir='ltr'>hac</span> <span class='ocrx_word' id='word_1_315' title='bbox 1345 1833 1449 1874; x_wconf 60' lang='lat' dir='ltr'>parteq</span> <span class='ocrx_word' id='word_1_316' title='bbox 1481 1840 1522 1861; x_wconf 79' lang='lat' dir='ltr'>ex</span> <span class='ocrx_word' id='word_1_317' title='bbox 1560 1832 1724 1874; x_wconf 85' lang='lat' dir='ltr'>potestate</span> <span class='ocrx_word' id='word_1_318' title='bbox 1755 1832 1866 1861; x_wconf 85' lang='lat' dir='ltr'>nostra</span> <span class='ocrx_word' id='word_1_319' title='bbox 1898 1830 1962 1860; x_wconf 88' lang='lat' dir='ltr'>imo</span> <span class='ocrx_word' id='word_1_320' title='bbox 1992 1829 2106 1860; x_wconf 85' lang='lat' dir='ltr'>verius</span> <span class='ocrx_word' id='word_1_321' title='bbox 2135 1837 2224 1872; x_wconf 86' lang='lat' dir='ltr'>apo-</span> 
     </span>
     <span class='ocr_line' id='line_1_28' title="bbox 362 1890 2224 1934; baseline -0.002 -11"><span class='ocrx_word' id='word_1_322' title='bbox 362 1890 474 1923; x_wconf 84' lang='lat' dir='ltr'>stoliea</span> <span class='ocrx_word' id='word_1_323' title='bbox 507 1892 669 1923; x_wconf 83' lang='lat' dir='ltr'>moneatis</span> <span class='ocrx_word' id='word_1_324' title='bbox 699 1894 727 1921; x_wconf 90' lang='lat' dir='ltr'>et</span> <span class='ocrx_word' id='word_1_325' title='bbox 761 1892 947 1934; x_wconf 77' lang='lat' dir='ltr'>requiratis.</span> <span class='ocrx_word' id='word_1_326' title='bbox 979 1900 1061 1934; x_wconf 85' lang='lat' dir='ltr'>quos</span> <span class='ocrx_word' id='word_1_327' title='bbox 1091 1893 1119 1921; x_wconf 88' lang='lat' dir='ltr'>et</span> <span class='ocrx_word' id='word_1_328' title='bbox 1153 1901 1214 1923; x_wconf 72' lang='lat' dir='ltr'>vos</span> <span class='ocrx_word' id='word_1_329' title='bbox 1243 1891 1349 1922; x_wconf 89' lang='lat' dir='ltr'>eciam</span> <span class='ocrx_word' id='word_1_330' title='bbox 1380 1893 1497 1922; x_wconf 88' lang='lat' dir='ltr'>tenore</span> <span class='ocrx_word' id='word_1_331' title='bbox 1527 1891 1736 1934; x_wconf 67' lang='lat' dir='ltr'>prestnciuin</span> <span class='ocrx_word' id='word_1_332' title='bbox 1768 1890 1967 1932; x_wconf 87' lang='lat' dir='ltr'>requirimus</span> <span class='ocrx_word' id='word_1_333' title='bbox 1997 1891 2026 1920; x_wconf 94' lang='lat' dir='ltr'>et</span> <span class='ocrx_word' id='word_1_334' title='bbox 2050 1897 2224 1921; x_wconf 83' lang='lat' dir='ltr'>monemus</span> 
     </span>
     <span class='ocr_line' id='line_1_29' title="bbox 363 1949 2223 1995; baseline 0.001 -14"><span class='ocrx_word' id='word_1_335' title='bbox 363 1954 583 1984; x_wconf 79' lang='lat' dir='ltr'>cinninuniter</span> <span class='ocrx_word' id='word_1_336' title='bbox 612 1955 640 1982; x_wconf 92' lang='lat' dir='ltr'>et</span> <span class='ocrx_word' id='word_1_337' title='bbox 673 1950 815 1983; x_wconf 79' lang='lat' dir='ltr'>divisim.</span> <span class='ocrx_word' id='word_1_338' title='bbox 847 1954 1032 1994; x_wconf 73' lang='lat' dir='ltr'>quantenus</span> <span class='ocrx_word' id='word_1_339' title='bbox 1064 1950 1146 1983; x_wconf 73' lang='lat' dir='ltr'>infra</span> <span class='ocrx_word' id='word_1_340' title='bbox 1186 1950 1373 1995; x_wconf 89' lang='lat' dir='ltr'>quindecim</span> <span class='ocrx_word' id='word_1_341' title='bbox 1413 1949 1484 1983; x_wconf 88' lang='lat' dir='ltr'>dies</span> <span class='ocrx_word' id='word_1_342' title='bbox 1522 1961 1538 1982; x_wconf 90' lang='lat' dir='ltr'>a</span> <span class='ocrx_word' id='word_1_343' title='bbox 1569 1954 1719 1995; x_wconf 90' lang='lat' dir='ltr'>tempore</span> <span class='ocrx_word' id='word_1_344' title='bbox 1760 1949 1997 1995; x_wconf 86' lang='lat' dir='ltr'>publieaciouis</span> <span class='ocrx_word' id='word_1_345' title='bbox 2027 1951 2223 1982; x_wconf 80' lang='lat' dir='ltr'>municionis</span> 
     </span>
     <span class='ocr_line' id='line_1_30' title="bbox 364 2008 2224 2056; baseline -0.001 -11"><span class='ocrx_word' id='word_1_346' title='bbox 364 2012 603 2045; x_wconf 86' lang='lat' dir='ltr'>notilieacionis</span> <span class='ocrx_word' id='word_1_347' title='bbox 639 2015 669 2042; x_wconf 91' lang='lat' dir='ltr'>et</span> <span class='ocrx_word' id='word_1_348' title='bbox 709 2014 946 2043; x_wconf 85' lang='lat' dir='ltr'>insinuacionis</span> <span class='ocrx_word' id='word_1_349' title='bbox 985 2022 1044 2056; x_wconf 92' lang='lat' dir='ltr'>per</span> <span class='ocrx_word' id='word_1_350' title='bbox 1082 2023 1143 2044; x_wconf 76' lang='lat' dir='ltr'>vos</span> <span class='ocrx_word' id='word_1_351' title='bbox 1184 2010 1236 2044; x_wconf 72' lang='lat' dir='ltr'>vel</span> <span class='ocrx_word' id='word_1_352' title='bbox 1275 2011 1414 2044; x_wconf 91' lang='lat' dir='ltr'>alterum</span> <span class='ocrx_word' id='word_1_353' title='bbox 1452 2015 1601 2044; x_wconf 86' lang='lat' dir='ltr'>vestrum</span> <span class='ocrx_word' id='word_1_354' title='bbox 1643 2013 1720 2056; x_wconf 87' lang='lat' dir='ltr'>ipsis</span> <span class='ocrx_word' id='word_1_355' title='bbox 1758 2014 1787 2043; x_wconf 93' lang='lat' dir='ltr'>ct</span> <span class='ocrx_word' id='word_1_356' title='bbox 1829 2021 1943 2043; x_wconf 90' lang='lat' dir='ltr'>eorum</span> <span class='ocrx_word' id='word_1_357' title='bbox 1975 2008 2108 2043; x_wconf 84' lang='lat' dir='ltr'>cuilibet</span> <span class='ocrx_word' id='word_1_358' title='bbox 2138 2008 2224 2043; x_wconf 78' lang='lat' dir='ltr'>facie</span> 
     </span>
     <span class='ocr_line' id='line_1_31' title="bbox 364 2069 2225 2117; baseline 0.002 -17"><span class='ocrx_word' id='word_1_359' title='bbox 364 2071 631 2117; x_wconf 68' lang='lat' dir='ltr'>computandum.</span> <span class='ocrx_word' id='word_1_360' title='bbox 663 2082 800 2115; x_wconf 87' lang='lat' dir='ltr'>quorum</span> <span class='ocrx_word' id='word_1_361' title='bbox 832 2071 1018 2115; x_wconf 88' lang='lat' dir='ltr'>quindecim</span> <span class='ocrx_word' id='word_1_362' title='bbox 1050 2071 1175 2104; x_wconf 87' lang='lat' dir='ltr'>dierum</span> <span class='ocrx_word' id='word_1_363' title='bbox 1207 2075 1352 2116; x_wconf 89' lang='lat' dir='ltr'>quinque</span> <span class='ocrx_word' id='word_1_364' title='bbox 1382 2082 1441 2117; x_wconf 90' lang='lat' dir='ltr'>pro</span> <span class='ocrx_word' id='word_1_365' title='bbox 1472 2074 1578 2117; x_wconf 89' lang='lat' dir='ltr'>primo</span> <span class='ocrx_word' id='word_1_366' title='bbox 1608 2074 1752 2116; x_wconf 89' lang='lat' dir='ltr'>quinque</span> <span class='ocrx_word' id='word_1_367' title='bbox 1773 2082 1832 2116; x_wconf 91' lang='lat' dir='ltr'>pro</span> <span class='ocrx_word' id='word_1_368' title='bbox 1858 2070 2005 2103; x_wconf 87' lang='lat' dir='ltr'>secundo</span> <span class='ocrx_word' id='word_1_369' title='bbox 2026 2074 2055 2103; x_wconf 91' lang='lat' dir='ltr'>et</span> <span class='ocrx_word' id='word_1_370' title='bbox 2079 2069 2225 2115; x_wconf 90' lang='lat' dir='ltr'>reliquos</span> 
     </span>
     <span class='ocr_line' id='line_1_32' title="bbox 365 2129 2226 2178; baseline 0.001 -15"><span class='ocrx_word' id='word_1_371' title='bbox 365 2136 508 2176; x_wconf 89' lang='lat' dir='ltr'>quinque</span> <span class='ocrx_word' id='word_1_372' title='bbox 548 2131 618 2165; x_wconf 87' lang='lat' dir='ltr'>dies</span> <span class='ocrx_word' id='word_1_373' title='bbox 663 2143 721 2177; x_wconf 89' lang='lat' dir='ltr'>pro</span> <span class='ocrx_word' id='word_1_374' title='bbox 765 2135 868 2164; x_wconf 87' lang='lat' dir='ltr'>tercio</span> <span class='ocrx_word' id='word_1_375' title='bbox 912 2136 941 2163; x_wconf 91' lang='lat' dir='ltr'>et</span> <span class='ocrx_word' id='word_1_376' title='bbox 986 2135 1212 2178; x_wconf 90' lang='lat' dir='ltr'>peremptorio</span> <span class='ocrx_word' id='word_1_377' title='bbox 1251 2135 1393 2166; x_wconf 90' lang='lat' dir='ltr'>termino</span> <span class='ocrx_word' id='word_1_378' title='bbox 1431 2144 1469 2165; x_wconf 90' lang='lat' dir='ltr'>ac</span> <span class='ocrx_word' id='word_1_379' title='bbox 1505 2135 1694 2165; x_wconf 78' lang='lat' dir='ltr'>municione</span> <span class='ocrx_word' id='word_1_380' title='bbox 1732 2134 1892 2165; x_wconf 88' lang='lat' dir='ltr'>canonica</span> <span class='ocrx_word' id='word_1_381' title='bbox 1923 2134 2002 2177; x_wconf 89' lang='lat' dir='ltr'>ipsis</span> <span class='ocrx_word' id='word_1_382' title='bbox 2031 2135 2063 2165; x_wconf 84' lang='lat' dir='ltr'>et</span> <span class='ocrx_word' id='word_1_383' title='bbox 2092 2129 2226 2165; x_wconf 80' lang='lat' dir='ltr'>cuilibet</span> 
     </span>
     <span class='ocr_line' id='line_1_33' title="bbox 367 2191 2225 2237; baseline 0 -13"><span class='ocrx_word' id='word_1_384' title='bbox 367 2204 509 2237; x_wconf 71' lang='lat' dir='ltr'>ipsorum</span> <span class='ocrx_word' id='word_1_385' title='bbox 541 2195 763 2231; x_wconf 65' lang='lat' dir='ltr'>assis-ruamus.</span> <span class='ocrx_word' id='word_1_386' title='bbox 806 2196 834 2224; x_wconf 90' lang='lat' dir='ltr'>ut</span> <span class='ocrx_word' id='word_1_387' title='bbox 875 2192 982 2225; x_wconf 89' lang='lat' dir='ltr'>adbuc</span> <span class='ocrx_word' id='word_1_388' title='bbox 1021 2192 1235 2237; x_wconf 74' lang='lat' dir='ltr'>processibus</span> <span class='ocrx_word' id='word_1_389' title='bbox 1266 2196 1446 2226; x_wconf 87' lang='lat' dir='ltr'>sentenciis</span> <span class='ocrx_word' id='word_1_390' title='bbox 1484 2205 1522 2225; x_wconf 87' lang='lat' dir='ltr'>ac</span> <span class='ocrx_word' id='word_1_391' title='bbox 1562 2193 1725 2226; x_wconf 84' lang='lat' dir='ltr'>mandatis</span> <span class='ocrx_word' id='word_1_392' title='bbox 1754 2191 1946 2237; x_wconf 86' lang='lat' dir='ltr'>apostolicis</span> <span class='ocrx_word' id='word_1_393' title='bbox 1974 2196 2074 2237; x_wconf 87' lang='lat' dir='ltr'>atque</span> <span class='ocrx_word' id='word_1_394' title='bbox 2103 2193 2225 2225; x_wconf 88' lang='lat' dir='ltr'>nostris</span> 
     </span>
     <span class='ocr_line' id='line_1_34' title="bbox 368 2250 2224 2300; baseline 0 -15"><span class='ocrx_word' id='word_1_395' title='bbox 368 2253 501 2285; x_wconf 84' lang='lat' dir='ltr'>realiter</span> <span class='ocrx_word' id='word_1_396' title='bbox 530 2257 558 2285; x_wconf 93' lang='lat' dir='ltr'>et</span> <span class='ocrx_word' id='word_1_397' title='bbox 591 2265 663 2286; x_wconf 90' lang='lat' dir='ltr'>cuin</span> <span class='ocrx_word' id='word_1_398' title='bbox 695 2253 812 2285; x_wconf 81' lang='lat' dir='ltr'>etl&#39;ectn</span> <span class='ocrx_word' id='word_1_399' title='bbox 845 2258 978 2298; x_wconf 77' lang='lat' dir='ltr'>pareant</span> <span class='ocrx_word' id='word_1_400' title='bbox 1012 2258 1039 2285; x_wconf 89' lang='lat' dir='ltr'>et</span> <span class='ocrx_word' id='word_1_401' title='bbox 1074 2254 1253 2287; x_wconf 86' lang='lat' dir='ltr'>intendant.</span> <span class='ocrx_word' id='word_1_402' title='bbox 1285 2258 1378 2298; x_wconf 92' lang='lat' dir='ltr'>prout</span> <span class='ocrx_word' id='word_1_403' title='bbox 1410 2257 1499 2300; x_wconf 85' lang='lat' dir='ltr'>ipsos</span> <span class='ocrx_word' id='word_1_404' title='bbox 1528 2258 1557 2286; x_wconf 91' lang='lat' dir='ltr'>et</span> <span class='ocrx_word' id='word_1_405' title='bbox 1589 2264 1703 2286; x_wconf 89' lang='lat' dir='ltr'>eornm</span> <span class='ocrx_word' id='word_1_406' title='bbox 1735 2252 1911 2297; x_wconf 90' lang='lat' dir='ltr'>quemlibet</span> <span class='ocrx_word' id='word_1_407' title='bbox 1933 2252 2050 2285; x_wconf 86' lang='lat' dir='ltr'>eudem</span> <span class='ocrx_word' id='word_1_408' title='bbox 2072 2250 2224 2286; x_wconf 79' lang='lat' dir='ltr'>mandatu</span> 
     </span>
     <span class='ocr_line' id='line_1_35' title="bbox 363 2311 2225 2360; baseline 0.001 -16"><span class='ocrx_word' id='word_1_409' title='bbox 363 2318 391 2344; x_wconf 89' lang='lat' dir='ltr'>et</span> <span class='ocrx_word' id='word_1_410' title='bbox 416 2325 592 2357; x_wconf 70' lang='lat' dir='ltr'>processus</span> <span class='ocrx_word' id='word_1_411' title='bbox 614 2316 822 2346; x_wconf 71' lang='lat' dir='ltr'>accreverint</span> <span class='ocrx_word' id='word_1_412' title='bbox 847 2318 874 2344; x_wconf 85' lang='lat' dir='ltr'>et</span> <span class='ocrx_word' id='word_1_413' title='bbox 898 2325 1105 2346; x_wconf 87' lang='lat' dir='ltr'>eoucernere</span> <span class='ocrx_word' id='word_1_414' title='bbox 1128 2317 1266 2359; x_wconf 87' lang='lat' dir='ltr'>poterint</span> <span class='ocrx_word' id='word_1_415' title='bbox 1291 2318 1318 2346; x_wconf 94' lang='lat' dir='ltr'>et</span> <span class='ocrx_word' id='word_1_416' title='bbox 1343 2314 1382 2347; x_wconf 82' lang='lat' dir='ltr'>ab</span> <span class='ocrx_word' id='word_1_417' title='bbox 1405 2318 1526 2360; x_wconf 88' lang='lat' dir='ltr'>inipetu</span> <span class='ocrx_word' id='word_1_418' title='bbox 1549 2318 1578 2346; x_wconf 89' lang='lat' dir='ltr'>et</span> <span class='ocrx_word' id='word_1_419' title='bbox 1610 2312 1904 2347; x_wconf 78' lang='lat' dir='ltr'>molestaciiinibns</span> <span class='ocrx_word' id='word_1_420' title='bbox 1934 2313 2029 2346; x_wconf 81' lang='lat' dir='ltr'>dictis</span> <span class='ocrx_word' id='word_1_421' title='bbox 2057 2311 2225 2346; x_wconf 79' lang='lat' dir='ltr'>abbatisse</span> 
     </span>
     <span class='ocr_line' id='line_1_36' title="bbox 364 2372 2223 2421; baseline 0.002 -18"><span class='ocrx_word' id='word_1_422' title='bbox 364 2378 392 2403; x_wconf 83' lang='lat' dir='ltr'>et</span> <span class='ocrx_word' id='word_1_423' title='bbox 425 2377 602 2406; x_wconf 73' lang='lat' dir='ltr'>couventui</span> <span class='ocrx_word' id='word_1_424' title='bbox 635 2373 806 2418; x_wconf 83' lang='lat' dir='ltr'>bucusque</span> <span class='ocrx_word' id='word_1_425' title='bbox 838 2374 931 2406; x_wconf 75' lang='lat' dir='ltr'>suetis</span> <span class='ocrx_word' id='word_1_426' title='bbox 961 2379 990 2405; x_wconf 92' lang='lat' dir='ltr'>et</span> <span class='ocrx_word' id='word_1_427' title='bbox 1024 2374 1128 2408; x_wconf 83' lang='lat' dir='ltr'>illatis.</span> <span class='ocrx_word' id='word_1_428' title='bbox 1156 2378 1331 2419; x_wconf 80' lang='lat' dir='ltr'>quominus</span> <span class='ocrx_word' id='word_1_429' title='bbox 1363 2378 1420 2421; x_wconf 88' lang='lat' dir='ltr'>ipsi</span> <span class='ocrx_word' id='word_1_430' title='bbox 1452 2386 1512 2420; x_wconf 88' lang='lat' dir='ltr'>per</span> <span class='ocrx_word' id='word_1_431' title='bbox 1540 2387 1576 2408; x_wconf 82' lang='lat' dir='ltr'>se</span> <span class='ocrx_word' id='word_1_432' title='bbox 1607 2374 1658 2407; x_wconf 74' lang='lat' dir='ltr'>vel</span> <span class='ocrx_word' id='word_1_433' title='bbox 1684 2385 1797 2407; x_wconf 91' lang='lat' dir='ltr'>earnm</span> <span class='ocrx_word' id='word_1_434' title='bbox 1821 2378 2072 2418; x_wconf 82' lang='lat' dir='ltr'>procuratorem</span> <span class='ocrx_word' id='word_1_435' title='bbox 2103 2372 2223 2407; x_wconf 84' lang='lat' dir='ltr'>dictam</span> 
     </span>
     <span class='ocr_line' id='line_1_37' title="bbox 365 2433 2222 2481; baseline 0.002 -17"><span class='ocrx_word' id='word_1_436' title='bbox 365 2434 540 2466; x_wconf 76' lang='lat' dir='ltr'>ecetesiam</span> <span class='ocrx_word' id='word_1_437' title='bbox 573 2438 677 2467; x_wconf 73' lang='lat' dir='ltr'>suncti</span> <span class='ocrx_word' id='word_1_438' title='bbox 708 2433 824 2466; x_wconf 79' lang='lat' dir='ltr'>Jacobi</span> <span class='ocrx_word' id='word_1_439' title='bbox 857 2446 929 2467; x_wconf 88' lang='lat' dir='ltr'>enni</span> <span class='ocrx_word' id='word_1_440' title='bbox 961 2434 1112 2467; x_wconf 83' lang='lat' dir='ltr'>omnihus</span> <span class='ocrx_word' id='word_1_441' title='bbox 1143 2435 1303 2468; x_wconf 85' lang='lat' dir='ltr'>l&#39;ructibns</span> <span class='ocrx_word' id='word_1_442' title='bbox 1333 2440 1362 2468; x_wconf 92' lang='lat' dir='ltr'>et</span> <span class='ocrx_word' id='word_1_443' title='bbox 1395 2438 1608 2481; x_wconf 79' lang='lat' dir='ltr'>pertinenciis</span> <span class='ocrx_word' id='word_1_444' title='bbox 1638 2437 1705 2467; x_wconf 89' lang='lat' dir='ltr'>suis</span> <span class='ocrx_word' id='word_1_445' title='bbox 1735 2433 1872 2479; x_wconf 74' lang='lat' dir='ltr'>pai-ilice</span> <span class='ocrx_word' id='word_1_446' title='bbox 1903 2439 1933 2467; x_wconf 88' lang='lat' dir='ltr'>et</span> <span class='ocrx_word' id='word_1_447' title='bbox 1959 2436 2070 2480; x_wconf 80' lang='lat' dir='ltr'>quiete</span> <span class='ocrx_word' id='word_1_448' title='bbox 2089 2436 2222 2480; x_wconf 81' lang='lat' dir='ltr'>assequi</span> 
     </span>
     <span class='ocr_line' id='line_1_38' title="bbox 368 2494 2225 2542; baseline 0.002 -16"><span class='ocrx_word' id='word_1_449' title='bbox 368 2494 508 2527; x_wconf 63' lang='lat' dir='ltr'>sati—ant.</span> <span class='ocrx_word' id='word_1_450' title='bbox 548 2499 674 2539; x_wconf 84' lang='lat' dir='ltr'>penitus</span> <span class='ocrx_word' id='word_1_451' title='bbox 718 2495 874 2527; x_wconf 85' lang='lat' dir='ltr'>desistant</span> <span class='ocrx_word' id='word_1_452' title='bbox 921 2499 1077 2540; x_wconf 80' lang='lat' dir='ltr'>ipsosque</span> <span class='ocrx_word' id='word_1_453' title='bbox 1122 2496 1173 2528; x_wconf 74' lang='lat' dir='ltr'>vel</span> <span class='ocrx_word' id='word_1_454' title='bbox 1218 2497 1338 2529; x_wconf 88' lang='lat' dir='ltr'>dictum</span> <span class='ocrx_word' id='word_1_455' title='bbox 1379 2507 1493 2529; x_wconf 88' lang='lat' dir='ltr'>eorum</span> <span class='ocrx_word' id='word_1_456' title='bbox 1532 2499 1782 2542; x_wconf 78' lang='lat' dir='ltr'>prm-uratorcin</span> <span class='ocrx_word' id='word_1_457' title='bbox 1824 2506 1882 2540; x_wconf 86' lang='lat' dir='ltr'>pro</span> <span class='ocrx_word' id='word_1_458' title='bbox 1923 2498 1970 2529; x_wconf 90' lang='lat' dir='ltr'>eis</span> <span class='ocrx_word' id='word_1_459' title='bbox 2009 2497 2225 2541; x_wconf 82' lang='lat' dir='ltr'>possessione</span> 
     </span>
     <span class='ocr_line' id='line_1_39' title="bbox 366 2554 2226 2602; baseline 0.002 -17"><span class='ocrx_word' id='word_1_460' title='bbox 366 2554 512 2587; x_wconf 67' lang='lat' dir='ltr'>eiusdem</span> <span class='ocrx_word' id='word_1_461' title='bbox 544 2555 687 2587; x_wconf 72' lang='lat' dir='ltr'>ecclesie</span> <span class='ocrx_word' id='word_1_462' title='bbox 718 2568 754 2587; x_wconf 84' lang='lat' dir='ltr'>ae</span> <span class='ocrx_word' id='word_1_463' title='bbox 787 2557 910 2598; x_wconf 87' lang='lat' dir='ltr'>jurium</span> <span class='ocrx_word' id='word_1_464' title='bbox 950 2560 978 2587; x_wconf 89' lang='lat' dir='ltr'>et</span> <span class='ocrx_word' id='word_1_465' title='bbox 1019 2559 1297 2601; x_wconf 66' lang='lat' dir='ltr'>pertiueneiaruni</span> <span class='ocrx_word' id='word_1_466' title='bbox 1339 2557 1562 2602; x_wconf 88' lang='lat' dir='ltr'>predictorum</span> <span class='ocrx_word' id='word_1_467' title='bbox 1593 2558 1724 2600; x_wconf 85' lang='lat' dir='ltr'>assequi</span> <span class='ocrx_word' id='word_1_468' title='bbox 1765 2559 1952 2601; x_wconf 89' lang='lat' dir='ltr'>permittunt</span> <span class='ocrx_word' id='word_1_469' title='bbox 1984 2555 2156 2602; x_wconf 84' lang='lat' dir='ltr'>pucilicam</span> <span class='ocrx_word' id='word_1_470' title='bbox 2194 2558 2226 2589; x_wconf 83' lang='lat' dir='ltr'>et</span> 
     </span>
     <span class='ocr_line' id='line_1_40' title="bbox 367 2614 2226 2662; baseline 0.002 -16"><span class='ocrx_word' id='word_1_471' title='bbox 367 2620 509 2659; x_wconf 79' lang='lat' dir='ltr'>‹piu-tam</span> <span class='ocrx_word' id='word_1_472' title='bbox 556 2619 699 2660; x_wconf 72' lang='lat' dir='ltr'>ipsisque</span> <span class='ocrx_word' id='word_1_473' title='bbox 744 2615 795 2648; x_wconf 64' lang='lat' dir='ltr'>vel</span> <span class='ocrx_word' id='word_1_474' title='bbox 833 2616 919 2648; x_wconf 87' lang='lat' dir='ltr'>dieto</span> <span class='ocrx_word' id='word_1_475' title='bbox 959 2628 1072 2649; x_wconf 89' lang='lat' dir='ltr'>eorum</span> <span class='ocrx_word' id='word_1_476' title='bbox 1114 2620 1321 2662; x_wconf 83' lang='lat' dir='ltr'>procuratori</span> <span class='ocrx_word' id='word_1_477' title='bbox 1362 2629 1420 2662; x_wconf 88' lang='lat' dir='ltr'>pro</span> <span class='ocrx_word' id='word_1_478' title='bbox 1459 2620 1507 2651; x_wconf 84' lang='lat' dir='ltr'>cis</span> <span class='ocrx_word' id='word_1_479' title='bbox 1537 2617 1576 2650; x_wconf 90' lang='lat' dir='ltr'>dc</span> <span class='ocrx_word' id='word_1_480' title='bbox 1607 2615 1767 2650; x_wconf 77' lang='lat' dir='ltr'>fructibus</span> <span class='ocrx_word' id='word_1_481' title='bbox 1798 2615 1978 2650; x_wconf 84' lang='lat' dir='ltr'>redditibus</span> <span class='ocrx_word' id='word_1_482' title='bbox 2008 2614 2226 2662; x_wconf 74' lang='lat' dir='ltr'>proventibus</span> 
     </span>
     <span class='ocr_line' id='line_1_41' title="bbox 363 2674 2224 2722; baseline 0.002 -15"><span class='ocrx_word' id='word_1_483' title='bbox 363 2674 494 2718; x_wconf 72' lang='lat' dir='ltr'>juribus</span> <span class='ocrx_word' id='word_1_484' title='bbox 525 2680 552 2706; x_wconf 88' lang='lat' dir='ltr'>et</span> <span class='ocrx_word' id='word_1_485' title='bbox 585 2675 848 2708; x_wconf 67' lang='lat' dir='ltr'>otuu-ucioniluis</span> <span class='ocrx_word' id='word_1_486' title='bbox 879 2680 1046 2709; x_wconf 74' lang='lat' dir='ltr'>universis</span> <span class='ocrx_word' id='word_1_487' title='bbox 1077 2678 1223 2710; x_wconf 74' lang='lat' dir='ltr'>eiusdem</span> <span class='ocrx_word' id='word_1_488' title='bbox 1255 2677 1399 2710; x_wconf 83' lang='lat' dir='ltr'>ecclesie</span> <span class='ocrx_word' id='word_1_489' title='bbox 1429 2681 1558 2721; x_wconf 69' lang='lat' dir='ltr'>integre</span> <span class='ocrx_word' id='word_1_490' title='bbox 1589 2676 1811 2722; x_wconf 85' lang='lat' dir='ltr'>respondeant</span> <span class='ocrx_word' id='word_1_491' title='bbox 1843 2689 1880 2710; x_wconf 87' lang='lat' dir='ltr'>ac</span> <span class='ocrx_word' id='word_1_492' title='bbox 1912 2677 2031 2711; x_wconf 78' lang='lat' dir='ltr'>saciant</span> <span class='ocrx_word' id='word_1_493' title='bbox 2054 2688 2112 2722; x_wconf 90' lang='lat' dir='ltr'>pcr</span> <span class='ocrx_word' id='word_1_494' title='bbox 2141 2675 2224 2710; x_wconf 83' lang='lat' dir='ltr'>alios</span> 
     </span>
    </p>
   </div>
  </div>
 </body>
</html>
