2347 3153
1254 243 1327 278 *224

356 350 474 383 dmnus
503 351 577 382 sive
612 352 806 383 monasterii
846 352 1045 382 intemerate
1083 351 1225 393 virginis
1262 348 1382 393 deique
1418 349 1590 392 genitricis
1625 346 1732 381 Marie
1762 350 1847 380 intra
1877 357 1991 380 muros
2014 345 2225 379 Brunnensis

352 410 475 457 oppidi.
506 410 632 444 ordinis
662 413 768 444 sancti
798 410 975 452 Dominici‚
997 409 1092 443 nobis
1114 412 1303 455 expositum
1326 412 1465 452 exstitit‚
1495 408 1581 454 quod
1616 411 1688 454 ipse
1718 410 1870 453 virgines
1900 418 2043 441 unacum
2075 410 2221 453 ipsarum

354 473 536 519 capellanis
570 475 632 519 piis
671 483 709 506 ac
747 471 935 506 salubribus
974 474 1106 504 monitis
1144 469 1275 515 predite
1309 470 1449 515 singulis
1487 471 1609 514 quintis
1645 468 1739 502 feriis
1769 468 2016 503 ebdomadatim
2054 479 2115 514 per
2144 470 2221 501 anni

355 535 513 568 circulum
546 537 646 568 misse
675 532 820 567 officium
852 533 892 566 de
921 543 1065 577 corpore
1095 530 1217 564 Christi
1249 531 1371 564 domini
1401 534 1505 565 nostri
1535 530 1716 564 salvatoris
1746 533 1777 563 in
1815 530 1921 564 altare
1951 529 1990 563 ad
2020 529 2086 563 hoc
2115 529 2228 574 depu—

354 600 422 629 tato
452 595 644 641 specialiter
672 597 921 628 consueverunt
951 593 1183 638 sollempniter
1212 592 1405 634 decantare.v
1437 597 1469 625 et
1497 595 1572 637 quia
1602 602 1663 637 pro
1692 591 1942 637 sollempnitate
1971 589 2073 625 officii
2101 589 2224 624 huius-

353 656 443 691 modi
486 667 546 702 pro
589 655 824 701 comparandis
867 652 1085 687 luminaribus
1128 657 1159 686 et
1201 653 1272 686 aliis
1311 655 1516 687 cerimoniis.
1554 653 1594 687 ad
1632 652 1696 686 hoc
1737 652 1867 695 debitis.
1907 656 2050 698 propter
2078 653 2225 698 inopiam

354 718 503 752 eiusdem
535 719 728 751 monasterii
758 715 896 762 prefatis
927 713 1113 759 virginibus
1143 713 1283 747 facultas
1312 724 1378 747 non
1408 717 1565 760 suppetit.
1595 713 1691 747 nobis
1722 713 1781 747 fuit
1820 724 1895 747 cum
1925 715 2087 746 instancia
2117 711 2227 746 debita

353 779 524 813 humiliter
554 778 785 824 supplicatum.
825 780 999 821 quatenus.
1039 780 1072 808 ut
1111 773 1344 808 christifideles
1382 786 1443 820 pro
1480 774 1677 821 peragendo
1716 774 1847 820 prefato
1889 774 2007 808 divino
2043 773 2157 808 officio
2188 784 2227 808 ac

354 840 591 887 comparandis
629 837 844 873 luminaribus
883 842 914 870 et
957 837 1028 870 aliis
1071 836 1110 869 ad
1155 835 1219 869 hoc
1261 839 1466 870 necessariis
1508 836 1671 870 devocius
1710 839 1944 879 incitarentur,
1981 836 2023 870 de
2058 835 2227 870 thesauris

353 901 577 948 spiritualibus
608 900 702 934 nobis
732 900 772 933 de
802 898 949 932 eiusdem
973 898 1096 931 domini
1118 900 1221 931 nostri
1241 897 1345 931 Jhesu
1367 897 1489 931 Christi
1510 900 1628 942 gracia
1650 896 1927 941 accommodatis.
1949 899 2031 943 ipsis
2052 901 2084 930 et
2105 899 2228 931 ceteris

354 962 623 997 christifidelibus
675 962 891 1005 dignaremur
934 959 1199 993 misericorditer
1246 970 1403 1003 erogare.
1460 958 1530 993 Nos
1578 962 1679 1005 igitur
1725 959 1982 993 considerantes
2024 960 2227 1004 peticionem

353 1023 539 1058 huiusmodi
565 1025 690 1067 justam
720 1033 795 1055 esse
825 1026 856 1055 et
887 1023 1015 1054 racioni
1046 1030 1241 1063 consonam.
1272 1031 1310 1053 ac
1339 1023 1503 1066 premissa
1533 1019 1629 1054 nobis
1668 1023 1821 1066 exposita
1864 1022 1999 1053 veritati
2024 1029 2228 1062 consonare,

352 1096 484 1131 quoque
515 1083 702 1130 petentibus
728 1084 816 1127 justa
847 1093 913 1116 non
944 1086 991 1114 est
1023 1081 1242 1125 denegandus
1271 1092 1442 1116 assensus.
1472 1081 1628 1115 volentes
1660 1081 1898 1115 nichilominus
1928 1092 1971 1115 ex
1993 1080 2056 1114 hiis
2075 1079 2228 1114 retribu-

352 1149 482 1180 cionem
514 1147 674 1190 consequi
696 1143 736 1177 ab
757 1143 877 1177 eodem
908 1142 1042 1176 domino
1073 1147 1187 1175 nostro
1216 1142 1320 1176 Jhesu
1350 1142 1495 1178 Christo.
1527 1152 1659 1188 quoque
1689 1141 1834 1176 fidelium
1867 1147 1998 1176 mentes
2019 1141 2060 1176 ad
2081 1140 2229 1175 officium

354 1206 541 1241 huiusmodi
572 1206 766 1240 fervencius
795 1204 974 1238 confluant.
1005 1215 1044 1237 ac
1075 1214 1134 1248 pro
1163 1203 1380 1237 luminaribus
1410 1204 1543 1242 etaliis
1577 1204 1616 1237 ad
1649 1203 1712 1237 hoc
1750 1206 1961 1238 necessariis
2000 1206 2072 1250 pias
2110 1213 2227 1237 eorum

354 1268 557 1302 elimosimas
592 1267 786 1311 largiantur.
825 1264 977 1299 omnibus
1014 1276 1096 1298 vere
1135 1264 1358 1310 penitentibus
1396 1265 1562 1299 confessis
1602 1270 1631 1299 et
1669 1267 1836 1300 contritis.
1867 1268 1922 1310 qui
1951 1264 2084 1311 prefato
2113 1264 2228 1298 divino

353 1328 464 1363 officio
503 1340 577 1362 cum
622 1328 810 1362 devocione
849 1338 887 1360 ac
926 1326 1093 1360 desiderio
1133 1326 1355 1362 interfuerint.
1395 1331 1447 1360 aut
1485 1329 1538 1371 qui
1576 1337 1637 1371 pro
1667 1326 1908 1371 comparandis
1940 1324 2158 1359 luminaribus
2187 1335 2227 1358 ac

353 1393 476 1424 ceteris
506 1392 711 1423 ornamentis
740 1392 813 1422 sive
843 1391 1046 1422 necessariis
1076 1399 1136 1433 pro
1167 1388 1284 1421 eodem
1313 1387 1424 1421 officio
1446 1399 1562 1422 manus
1588 1387 1769 1421 adiutrices
1793 1390 2020 1433 porrexerint.
2042 1389 2230 1432 quociens-

353 1462 483 1497 cunque
513 1451 577 1484 hoc
607 1451 761 1484 fecerint.
792 1449 832 1483 de
862 1451 1098 1494 omnipotentis
1127 1448 1180 1482 dei
1209 1451 1323 1493 gracia
1355 1454 1385 1481 et
1416 1448 1589 1482 beatorum
1620 1447 1707 1482 Petri
1738 1453 1769 1482 et
1791 1448 1883 1483 Pauli
1906 1448 2135 1495 apostolorum
2156 1451 2229 1483 eius

352 1516 550 1546 auctoritate
589 1511 716 1546 confisi.
754 1510 974 1556 quadraginta
1013 1510 1084 1543 dies
1120 1510 1407 1553 indulgenciarum
1447 1510 1487 1543 de
1526 1513 1680 1543 iniunctis
1720 1513 1768 1544 eis
1799 1512 2002 1556 penitenciis
2031 1512 2062 1543 in
2093 1509 2229 1543 domino

354 1574 617 1607 misericorditer
646 1574 837 1607 relaxamus
867 1571 1079 1617 presentibus
1109 1575 1271 1617 perpetuo
1301 1571 1464 1605 valituris.
1495 1571 1620 1605 Harum
1651 1571 1770 1616 quibus
1799 1571 1943 1616 sigillum
1971 1575 2121 1605 nostrum
2144 1581 2229 1617 pre-

353 1634 500 1668 sentibus
531 1639 579 1668 est
609 1645 793 1680 appensum
823 1636 1012 1667 testimonio
1042 1633 1225 1668 literarum.
1256 1631 1316 1665 sub
1346 1643 1433 1666 anno
1463 1644 1479 1665 a
1502 1635 1673 1666 nativitate
1703 1632 1826 1666 domini
1865 1632 2046 1666 millesimo
2075 1633 2227 1678 quadra-

352 1699 540 1740 gentesimo
570 1696 718 1729 secundo
749 1696 914 1729 dominica
945 1695 998 1728 die
1028 1694 1111 1727 infra
1142 1699 1282 1727 octavas
1311 1696 1555 1739 assumpcionis
1585 1693 1735 1727 eiusdem
1767 1693 1920 1739 gloriose
1959 1698 1989 1727 et
2030 1696 2229 1728 intemerate

353 1756 403 1789 dei
434 1759 606 1801 genitricis
636 1759 777 1802 virginis
807 1756 982 1790 benedicte
1013 1755 1107 1789 nobis
1137 1760 1213 1788 tunc
1244 1758 1273 1788 in
1305 1754 1392 1788 dicto
1422 1754 1543 1801 oppido
1573 1754 1760 1788 Brunnensi
1792 1758 2030 1800 percunctanti
2060 1754 2151 1802 (sic).

509 1817 548 1851 Et
587 1829 648 1851 nos
683 1817 855 1851 Johannes
894 1818 945 1851 dei
985 1820 1099 1861 gracia
1140 1816 1376 1850 Nazaretensis
1416 1819 1605 1862 episcopus.
1646 1820 1723 1849 tunc
1764 1815 1884 1862 prefati
1915 1815 2096 1849 reverendi
2126 1819 2230 1861 patris

355 1878 588 1912 olomucensis
617 1882 764 1925 episcopi
795 1879 1028 1916 suffraganeus
1058 1880 1232 1924 premissis
1261 1877 1414 1911 omnihus
1444 1881 1475 1910 et
1504 1877 1644 1917 singulis
1675 1880 1767 1912 moti.
1801 1876 1843 1910 de
1874 1879 1957 1910 scitu
1988 1881 2021 1910 et
2055 1877 2229 1911 voluntate

355 1941 502 1973 eiusdem
547 1941 669 1974 domini
712 1939 875 1973 Johannis
919 1940 1153 1973 olomucensis
1191 1942 1339 1985 episcopi
1376 1938 1529 1972 omnibus
1566 1944 1594 1971 et
1634 1938 1775 1981 singulis
1819 1937 2099 1972 christifidelibus
2147 1949 2230 1973 vere

354 2001 577 2046 penitentibus
607 2002 773 2035 confessis
804 2006 833 2033 et
865 2004 1027 2034 contritis.
1058 2003 1111 2045 qui
1143 2004 1173 2033 ut
1211 2003 1421 2046 premittitur.
1453 2000 1582 2045 prefato
1613 1999 1725 2033 divino
1755 1998 1867 2033 ol'licio
1907 1999 2135 2041 interfuerint,
2173 1999 2229 2034 vel

355 2073 471 2095 manus
501 2062 681 2096 adiutriees
711 2066 772 2109 piis
803 2063 977 2095 desideriis
1008 2073 1068 2108 pro
1099 2061 1317 2095 luminaribus
1347 2066 1380 2094 et
1409 2061 1508 2094 rebus
1539 2061 1610 2094 aliis
1631 2064 1858 2106 porrexerint,
1881 2060 2009 2095 eisdem
2031 2064 2230 2096 auctoritate

356 2128 385 2155 ct
417 2126 530 2160 gracia
560 2124 713 2157 similiter
741 2123 962 2169 ‹pindraginta
1002 2124 1071 2156 dies
1111 2123 1398 2167 iiulutgenciaruiu
1435 2122 1475 2155 de
1514 2125 1668 2155 iniunctis
1709 2125 1756 2155 eis
1795 2125 1998 2168 penitenciis
2033 2125 2064 2156 in
2095 2122 2230 2157 domino

357 2185 620 2218 misericorditer
650 2182 844 2218 relaxamus
874 2185 984 2223 sig-illo
1015 2189 1130 2218 nostro
1160 2183 1371 2229 presentibus
1402 2186 1431 2216 in
1463 2186 1686 2216 testimonium
1717 2182 1948 2229 subappenSO.

672 2256 760 2286 Ὀγῑμ,
788 2256 868 2285 l'ergg,
902 2264 953 2280 nui·
986 2256 1035 2281 init
1066 2255 1186 2280 einr-,in
1220 2255 1344 2285 :iuliani-r,
1379 2255 1436 2283 Sia,
1470 2255 1532 2288 (des
1569 2254 1699 2279 nist-liofs
1734 2262 1787 2279 von
1822 2254 1950 2287 ttlnu'itz)
1975 2255 2010 2279 im
2037 2263 2072 2282 ni.
2100 2254 2231 2280 Laudes-

564 2308 681 2333 ar(:liiV⁴:
708 2308 769 2334 Art,
798 2308 926 2332 Briinnei‘
949 2308 1079 2332 Jesuiten
1106 2317 1132 2336 n,
1160 2307 1198 2332 40
1226 2308 1274 2343 ll.)

1242 2462 1348 2498 215.

359 2532 511 2565 Jolaemm.
545 2534 694 2577 b'i'selms
727 2545 788 2566 ron
823 2533 966 2575 Ulmulz.
1003 2533 1074 2575 ssim
1104 2534 1177 2565 (lem
1213 2532 1380 2575 Siquidm!
1411 2544 1472 2565 rou
1505 2532 1620 2566 illis-tm
1651 2534 1706 2566 die
1739 2532 1871 2577 Dru-set·
1902 2532 2142 2577 Reinersslorf
2165 2532 2233 2566 und

718 2593 1038 2638 l’ilffl·r1m.s·dm·s'zu
1071 2593 1192 2628 lmlwn.
1229 2593 1283 2627 m.
1318 2594 1449 2636 Brtzme,
1480 2594 1538 2627 20.
1572 2595 1706 2637 κίκι-11ης(
1741 2593 1849 2628 1402.

503 2652 584 2704 'lx
621 2673 682 2705 Jan
713 2685 729 2705 z
762 2672 839 2706 {3021
878 2673 997 2706 uiilosti
1036 2672 1153 2718 biskup
1194 2672 1384 2718 (llounicky
1423 2676 1636 2718 vyzm‘ivzinie
1675 2676 1766 2706 linito
1798 2673 1905 2706 listem
1939 2675 2048 2715 vsem,
2079 2672 2157 2707 ktoz
2182 2673 2230 2720 jej

359 2735 430 2765 uzi-i
460 2744 476 2764 a
508 2735 578 2765 cisti
611 2733 696 2765 budi'i
729 2733 814 2766 nebo
852 2734 955 2778 uslysi
986 2737 1093 2766 etiice.
1138 2726 1184 2766 Ze
1214 2736 1441 2767 znainenavse
1473 2736 1552 2767 veru
1584 2746 1599 2767 a
1632 2735 1736 2768 veruti
1767 2734 1880 2767 sluZhu
1923 2733 2072 2768 vernello
2102 2732 2230 2767 naseho
