2347 3153
1299 202 1372 236 38¹2

400 309 534 342 domina
563 308 736 342 Dorothea
767 308 932 343 abbatissa
965 313 993 341 et
1026 312 1215 342 conventus
1244 307 1343 341 vallis
1372 312 1488 342 sancte
1507 307 1614 342 Marie
1643 308 1684 342 de
1705 308 1842 342 Oslavia
1873 308 2036 343 moderne
2064 312 2271 355 incorpora-

401 373 546 403 cionem.
588 370 896 416 confirmacionem.
936 372 1195 403 innovacioneni
1233 373 1263 403 et
1302 380 1525 415 processuum
1562 369 1790 415 predictorum
1820 375 1977 416 pretextu
2018 373 2270 417 possessionem
2309 395 2311 397 -

401 430 490 465 dicte
518 430 742 476 parrochialis
772 430 917 463 ecclesie
947 433 1110 463 assecutis
1142 432 1218 475 ‹sicsi
1249 429 1391 463 eandem
1421 441 1482 476 per
1510 430 1668 464 nonnulla
1690 435 1841 477 tempora
1862 434 2109 466 continuaverit
2130 430 2270 478 pacifice

400 496 430 524 et
462 494 585 536 quiete.
618 496 729 524 tamen
761 490 976 524 venerabiles
1006 491 1129 524 domini
1159 490 1328 524 Ditwinus
1358 502 1418 537 pro
1449 496 1525 524 tunc
1556 494 1745 537 prepositus
1775 503 1813 526 ac
1843 491 2019 526 Conradus
2049 492 2270 535 Smeerbeck,

401 552 560 586 Nicotaus
592 552 759 585 Obersess
789 556 819 585 et
850 551 952 585 Licko
983 555 1157 597 ceterique
1187 555 1340 585 canonici
1371 557 1401 586 et
1432 552 1611 598 capitulum
1642 553 1789 586 ecclesie
1818 555 1925 587 sancti
1954 552 2043 587 Petri
2063 552 2272 588 Brunnensis

403 614 552 657 ejusdem
585 614 819 646 (llouuicensis
850 613 996 647 diocesis
1027 625 1130 659 penas
1156 618 1186 647 et
1208 624 1370 647 censuras
1391 617 1422 646 in
1444 614 1570 647 eisdem
1592 613 1808 659 processibus
1828 618 2004 649 contentas
2025 614 2065 648 ad
2087 614 2271 648 delubrium

402 674 633 707 deducemlum
664 684 700 706 se
731 676 1014 719 incorporacimm
1046 674 1311 717 contii-macione
1343 677 1557 708 innovacioni
1587 679 1619 708 et
1649 678 1860 709 assecucioni
1890 678 2063 721 premissis
2086 679 2119 709 et
2139 675 2272 710 defacto

403 740 631 780 opposuerunt
663 740 693 768 et
724 735 860 769 casdem
892 736 1043 769 dominas
1065 735 1271 769 Dorotheam
1303 735 1504 769 abbatissam
1536 739 1567 769 et
1589 740 1792 769 conventum
1815 739 2008 770 monasterii
2037 736 2136 771 vallis
2157 741 2273 771 sancte

404 796 509 829 >lai-ie
540 797 579 829 de
612 796 748 830 (istavia
781 796 900 830 favore
930 797 1118 830 inordinato
1148 797 1271 830 domini
1302 796 1487 830 Bernhardi
1523 796 1651 831 abbatis
1680 796 2003 840 Zawordinieensis‚
2032 796 2274 832 premonstra-

405 860 506 891 tensis
536 858 673 891 ordinis.
705 858 791 891 dicte
823 858 1059 891 Olomucensis
1097 857 1242 892 diocesis
1272 857 1394 891 suffulti
1432 861 1465 892 in
1495 869 1632 892 causam
1671 862 1856 894 traxerunt.
1896 858 2071 904 dictusque
2105 858 2272 893 Ditwinus

404 921 604 964 prepositus.
636 923 811 964 postquam
843 930 942 952 causa
975 919 1161 953 huiusmodi
1193 920 1231 953 ad
1263 930 1435 953 romanam
1466 922 1593 953 curiam
1624 919 1771 963 legitime
1801 919 1958 952 devoluta
1988 930 2028 953 ac
2053 923 2147 954 certo
2167 922 2274 954 vestri
2306 939 2309 941 ·

407 983 494 1013 sacri
551 980 725 1025 apostolici
770 991 945 1014 causarum
990 980 1107 1026 palacii
1151 980 1292 1014 auditori
1336 980 1498 1014 audienda
1547 983 1725 1014 commissa
1773 983 1892 1023 extitiu
1940 980 2076 1014 easdem
2124 980 2276 1015 dominas

404 1040 609 1074 Dorotheum
632 1040 834 1074 abbatissam
857 1045 887 1074 et
910 1046 1113 1075 conventum
1144 1042 1182 1075 ad
1214 1042 1336 1075 dictum
1367 1042 1536 1075 dominum
1565 1041 1741 1075 Nicolaum
1772 1041 1874 1075 Polak
1904 1053 2021 1076 eorum
2050 1041 2275 1088 capellanum,

404 1105 477 1147 quia
510 1106 614 1147 ipsum
655 1113 771 1148 penas.
812 1113 973 1136 censuras
1011 1106 1041 1136 iu
1080 1102 1296 1149 processibus
1335 1103 1412 1136 dicti
1452 1102 1577 1137 domini
1607 1102 1741 1137 Patricii
1779 1102 1908 1137 abbatis
1946 1105 2140 1138 monasterii
2178 1102 2276 1137 beate

404 1163 509 1196 Mario
547 1164 727 1198 Scotorum
766 1164 806 1197 de
836 1163 985 1197 Wicnna
1026 1168 1201 1197 contentas
1240 1164 1397 1197 incidisse
1435 1164 1599 1198 declarari
1638 1169 1669 1198 et
1709 1169 1743 1198 ut
1777 1164 1875 1198 talem
1915 1163 2045 1210 publice
2081 1164 2277 1199 denunciari

406 1226 557 1259 fecerunt
588 1230 618 1258 et
651 1230 872 1271 procurarunt
904 1237 964 1271 per
1007 1230 1160 1271 patentes
1194 1226 1309 1260 literas
1339 1225 1415 1259 dicti
1447 1225 1634 1259 Bernhardi
1672 1224 1801 1259 abbatis
1830 1225 2153 1269 Zawordinicensis‚
2186 1224 2275 1259 nulla

402 1297 503 1332 super
532 1286 595 1320 hoc
626 1289 824 1320 auctoritate
856 1287 1003 1331 legitima
1034 1287 1167 1330 sutl'ulti.
1198 1291 1231 1320 ut
1261 1298 1277 1320 a
1309 1287 1576 1321 denunciacionc
1606 1289 1675 1332 ipsa
1713 1291 1899 1329 cessarent.
1931 1289 2051 1332 inquiri
2080 1290 2113 1320 et
2146 1288 2276 1320 moneri

402 1352 501 1392 atque
531 1348 666 1381 easdem
698 1351 803 1381 eciam
835 1353 950 1382 contra
981 1353 1012 1381 ct
1052 1353 1127 1394 post
1165 1348 1429 1394 appellacionem
1470 1347 1510 1381 ab
1549 1347 1666 1381 eadem
1706 1358 1828 1393 prensa
1864 1350 2054 1381 monicione
2083 1346 2125 1381 ad
2154 1347 2275 1381 dictam

403 1414 551 1442 sanctam
583 1410 698 1443 sedem
729 1410 945 1456 apostolicam
977 1409 1125 1454 legitime
1155 1411 1386 1454 interpositam
1407 1420 1482 1442 cum
1504 1408 1777 1454 participantibus
1798 1413 1830 1442 et
1850 1407 2090 1443 adherentibus
2111 1412 2144 1442 et
2163 1410 2278 1442 nomi-

405 1474 505 1504 natim
546 1482 619 1504 cum
660 1470 750 1504 dicto
790 1471 924 1505 domino
965 1470 1104 1504 Nicolao
1135 1470 1309 1515 Weiglini,
1350 1481 1392 1503 ne
1430 1474 1463 1503 ut
1502 1473 1554 1516 pie
1590 1470 1739 1503 creditur
1775 1469 1902 1503 eisdem
1942 1468 2153 1513 dominabus,
2195 1478 2278 1514 quas

405 1543 533 1577 vagare
563 1543 628 1565 non
659 1531 811 1575 decebat,
842 1536 938 1578 prout
969 1544 1030 1565 nec
1061 1532 1169 1574 dccet,
1201 1531 1242 1565 de
1272 1536 1387 1565 cetero
1418 1531 1590 1573 auxilium,
1622 1530 1798 1564 consilium
1829 1530 1883 1564 vel
1914 1529 2069 1565 favorem
2100 1532 2132 1563 in
2152 1539 2278 1576 prose-

405 1596 548 1626 cucione
592 1598 622 1627 et
667 1593 865 1627 defensione
909 1604 1085 1627 causarum
1130 1592 1313 1626 earundem
1358 1592 1601 1638 impenderent,
1641 1592 1770 1626 scilicet
1813 1594 1944 1638 penitus
1987 1602 2024 1626 se
2067 1590 2108 1625 ab
2151 1589 2278 1625 eisdem

405 1654 627 1690 retraherent.
658 1657 946 1689 excommunicari
977 1659 1007 1688 et
1038 1658 1070 1688 ut
1087 1654 1170 1687 tales
1199 1653 1331 1700 publice
1361 1654 1568 1696 denunciari,
1590 1656 1763 1699 ipsumque
1785 1655 2025 1686 monasterium
2044 1652 2142 1687 vallis
2162 1655 2279 1686 sancte

404 1714 509 1749 Maru¹
547 1727 586 1749 ac
622 1716 693 1749 loca
733 1716 807 1754 alia,
849 1716 888 1749 ad
919 1727 982 1762 quc
1012 1715 1220 1750 Dorotbeam
1259 1715 1462 1749 abbatissam
1493 1719 1525 1749 et
1554 1725 1718 1761 personas
1755 1708 1945 1759 singulares
1975 1713 2052 1748 dicti
2082 1714 2276 1748 monasterii

407 1777 501 1811 vallis
532 1782 647 1811 sancte
669 1777 774 1812 Marte
805 1789 844 1811 ac
874 1780 980 1811 eciam
1003 1777 1178 1812 Nicolaum
1209 1776 1394 1823 predictum
1427 1775 1597 1809 declinare
1627 1778 1851 1820 contingeret,
1881 1774 2115 1809 ecclesiastico
2135 1775 2277 1820 supponi

406 1839 595 1883 interdicto.
627 1844 725 1884 atque
757 1838 931 1873 Nicolaum
957 1838 1058 1873 Polak
1089 1843 1121 1873 et
1143 1838 1315 1872 Nicolaum
1337 1837 1501 1882 tVeiglini
1532 1841 1746 1883 exponentes
1775 1836 1958 1882 predictos,
1988 1838 2065 1882 quia
2094 1845 2276 1882 processus

406 1912 464 1947 per
494 1901 616 1935 dictum
649 1900 816 1934 dominum
848 1900 1079 1934 Bernhardum
1120 1899 1272 1933 abbatem
1304 1904 1420 1933 contra
1460 1901 1550 1945 ipsos
1588 1909 1626 1932 ac
1657 1897 1864 1932 Dorotheum
1895 1896 2097 1932 abbatissam
2128 1901 2161 1931 et
2188 1907 2278 1931 con-

407 1967 542 1996 ventum
574 1974 612 1996 ac
642 1962 724 1995 alios
755 1962 967 2008 supradictos
1006 1965 1149 1995 emissos
1189 1966 1219 1995 et
1251 1960 1441 1995 fulminatos
1471 1959 1575 1994 fuisse
1611 1964 1642 1993 et
1673 1970 1749 1993 esse
1778 1958 1886 1993 nullos
1916 1958 1971 1992 vel
1999 1957 2116 1992 saltem
2147 1961 2278 2004 iniquos

405 2029 434 2057 et
467 2024 598 2057 nulliter
627 2023 680 2057 vel
712 2023 830 2057 saltem
862 2026 973 2069 inique
1002 2025 1214 2069 processisse
1244 2025 1274 2056 in
1306 2021 1450 2056 ambone
1481 2025 1511 2055 et
1542 2021 1614 2055 aliis
1645 2021 1726 2055 locis
1756 2020 1897 2067 publicis
1926 2021 2191 2066 pronunciarunt
2219 2029 2280 2065 per

405 2086 527 2118 dictum
559 2085 726 2118 ‹loiniuum
761 2084 993 2118 Bernliardum
1025 2084 1178 2117 abbatem
1211 2083 1467 2130 pretemlentem
1498 2082 1559 2117 sibi
1585 2093 1686 2128 super
1707 2081 1771 2116 hoc
1793 2084 1981 2115 iniuriatum
2002 2083 2152 2115 existere
2171 2082 2279 2127 primo

407 2152 435 2178 et
469 2147 588 2181 deiude
619 2158 678 2192 per
708 2147 899 2180 (onradum
931 2145 1139 2180 Smeerbeck
1175 2150 1204 2179 ct
1235 2144 1411 2179 Nicolaum
1441 2143 1610 2177 Obersess
1639 2154 1678 2177 ac
1709 2142 1890 2176 Lickoncin
1921 2144 2103 2176 canonicos
2131 2145 2281 2176 assertos

408 2208 494 2242 dicte
525 2208 668 2241 ecclesie
699 2211 804 2241 sancti
837 2207 923 2241 l'etri
946 2219 1048 2253 super
1079 2206 1276 2252 quibusdam
1308 2206 1380 2239 aliis
1411 2204 1562 2239 confictis
1592 2203 1847 2249 gravaminibus
1877 2203 1962 2237 trabi
1993 2202 2072 2236 fecit
2091 2205 2123 2236 in
2144 2212 2279 2236 causam

407 2280 520 2303 coram
552 2268 685 2302 ot'liciaii
709 2269 936 2313 olomucensi7
968 2271 1022 2313 qui
1055 2267 1163 2301 taliter
1187 2267 1328 2313 qualiter
1349 2269 1379 2300 iu
1401 2277 1502 2300 causa
1524 2268 1763 2299 canonicorum
1786 2264 1976 2311 procedens
1996 2265 2076 2309 ipsis
2098 2272 2280 2309 exponen-

408 2329 491 2363 tibus
523 2330 657 2363 diversa
688 2333 886 2367 gravamina
925 2329 1029 2363 intulit
1059 2333 1091 2362 et
1130 2329 1205 2362 licet
1235 2332 1446 2373 exponentes
1486 2326 1583 2360 iidem
1614 2338 1631 2358 a
1661 2325 1916 2371 gravaminibus
1951 2326 2031 2370 ipsis
2060 2323 2100 2358 ad
2129 2326 2279 2358 sanctam

406 2391 520 2424 sedent
553 2392 768 2437 apostolicam
800 2394 906 2424 eciam
937 2390 1143 2437 appellarunt
1175 2393 1206 2423 et
1238 2400 1357 2423 causas
1378 2388 1643 2434 appellaciouum
1665 2387 1847 2420 earundem
1871 2384 2056 2420 venerabili
2077 2389 2110 2419 et
2128 2387 2281 2418 circum-

408 2457 524 2498 specto
556 2455 628 2485 viro
659 2452 794 2486 domino
825 2452 1000 2485 Leonardo
1031 2451 1071 2484 de
1102 2450 1275 2484 Sulmone.
1317 2452 1420 2483 vestri
1450 2451 1536 2483 sacri
1576 2448 1748 2494 apostolici
1780 2457 1958 2481 causarum
1987 2446 2105 2492 palacii
2134 2444 2277 2479 auditori

407 2516 565 2547 committi
597 2526 634 2545 ae
666 2516 830 2547 citat-ioue
861 2514 1006 2557 legitima
1037 2512 1075 2545 ad
1108 2516 1220 2557 partes
1250 2515 1365 2544 contra
1396 2513 1578 2544 canonicos
1608 2510 1745 2543 eosdem
1776 2509 1912 2542 decerni
1943 2511 2042 2553 atque
2071 2509 2177 2553 ipsam
2197 2504 2277 2540 inibi

409 2575 462 2608 tali
493 2575 578 2620 quali
609 2577 808 2608 exeeueioni
840 2574 1033 2607 demandari
1057 2573 1279 2606 obtinuerunt.
1313 2572 1402 2605 ldem
1425 2577 1534 2605 tamen
1557 2570 1710 2604 ot'ticiaiis
1732 2574 1803 2616 post
1826 2573 1858 2602 et
1878 2573 1994 2602 contra
2015 2566 2280 2614 appeliacionem

410 2636 549 2669 eandam
582 2639 686 2668 eciam
719 2636 871 2668 diversas
902 2647 1063 2669 censuras
1094 2634 1342 2667 ecclesiasticas
1373 2636 1403 2666 in
1434 2633 1541 2666 dictos
1571 2636 1782 2678 exponentes
1819 2630 2016 2664 fulminavit.
2073 2626 2134 2662 Est
2161 2637 2280 2661 verum

411 2702 505 2742 pater
534 2708 574 2730 5..
607 2697 691 2742 quod
723 2709 739 2729 a
771 2701 922 2742 tempore
954 2698 1223 2742 interposicionis
1253 2695 1340 2728 dicte
1379 2693 1619 2740 appellat-ionis
1659 2697 1801 2738 quatuor
1839 2694 1931 2737 quasi
1962 2693 2039 2725 anni
2079 2688 2284 2733 effluxerunt
