<?xml version="1.0" encoding="UTF-8"?>
<!DOCTYPE html PUBLIC "-//W3C//DTD XHTML 1.0 Transitional//EN"
    "http://www.w3.org/TR/xhtml1/DTD/xhtml1-transitional.dtd">
<html xmlns="http://www.w3.org/1999/xhtml" xml:lang="en" lang="en">
 <head>
  <title>
</title>
<meta http-equiv="Content-Type" content="text/html;charset=utf-8" />
  <meta name='ocr-system' content='tesseract 3.04.00' />
  <meta name='ocr-capabilities' content='ocr_page ocr_carea ocr_par ocr_line ocrx_word'/>
</head>
<body>
  <div class='ocr_page' id='page_1' title='image "./codexdiplomaticu13morauoft_0037.png"; bbox 0 0 2347 3153; ppageno 0'>
   <div class='ocr_carea' id='block_1_1' title="bbox 0 2154 36 3000">
    <p class='ocr_par' dir='ltr' id='par_1_1' title="bbox 0 2154 36 3000">
     <span class='ocr_line' id='line_1_1' title="bbox 0 2154 36 3000; baseline 0 0"><span class='ocrx_word' id='word_1_1' title='bbox 0 2154 36 3000; x_wconf 95' lang='lat' dir='ltr'> </span> 
     </span>
    </p>
   </div>
   <div class='ocr_carea' id='block_1_2' title="bbox 1050 185 1098 219">
    <p class='ocr_par' dir='ltr' id='par_1_2' title="bbox 1050 185 1098 219">
     <span class='ocr_line' id='line_1_2' title="bbox 1050 185 1098 219; baseline -0.042 0"><span class='ocrx_word' id='word_1_2' title='bbox 1050 185 1098 219; x_wconf 75' lang='lat'>25</span> 
     </span>
    </p>
   </div>
   <div class='ocr_carea' id='block_1_3' title="bbox 1031 236 1177 241">
    <p class='ocr_par' dir='ltr' id='par_1_3' title="bbox 1031 236 1177 241">
     <span class='ocr_line' id='line_1_3' title="bbox 1031 236 1177 241; baseline 0 0"><span class='ocrx_word' id='word_1_3' title='bbox 1031 236 1177 241; x_wconf 95' lang='lat' dir='ltr'> </span> 
     </span>
    </p>
   </div>
   <div class='ocr_carea' id='block_1_4' title="bbox 120 289 2021 2544">
    <p class='ocr_par' dir='ltr' id='par_1_4' title="bbox 120 289 2021 2544">
     <span class='ocr_line' id='line_1_4' title="bbox 135 289 2017 336; baseline 0.001 -14"><span class='ocrx_word' id='word_1_4' title='bbox 135 291 376 322; x_wconf 71' lang='lat' dir='ltr'>consistentem</span> <span class='ocrx_word' id='word_1_5' title='bbox 409 300 482 322; x_wconf 90' lang='lat' dir='ltr'>cum</span> <span class='ocrx_word' id='word_1_6' title='bbox 523 289 676 323; x_wconf 87' lang='lat' dir='ltr'>omnibus</span> <span class='ocrx_word' id='word_1_7' title='bbox 717 289 906 324; x_wconf 85' lang='lat' dir='ltr'>bominibus</span> <span class='ocrx_word' id='word_1_8' title='bbox 944 289 1158 324; x_wconf 75' lang='lat' dir='ltr'>censualibus</span> <span class='ocrx_word' id='word_1_9' title='bbox 1198 290 1319 324; x_wconf 84' lang='lat' dir='ltr'>ibidem</span> <span class='ocrx_word' id='word_1_10' title='bbox 1359 295 1389 323; x_wconf 90' lang='lat' dir='ltr'>et</span> <span class='ocrx_word' id='word_1_11' title='bbox 1420 293 1512 335; x_wconf 67' lang='lat' dir='ltr'>agris</span> <span class='ocrx_word' id='word_1_12' title='bbox 1543 293 1690 336; x_wconf 86' lang='lat' dir='ltr'>ipsorum</span> <span class='ocrx_word' id='word_1_13' title='bbox 1724 294 1837 336; x_wconf 85' lang='lat' dir='ltr'>pratis.</span> <span class='ocrx_word' id='word_1_14' title='bbox 1869 294 2017 336; x_wconf 85' lang='lat' dir='ltr'>piscinis.</span> 
     </span>
     <span class='ocr_line' id='line_1_5' title="bbox 131 348 2020 398; baseline 0.001 -15"><span class='ocrx_word' id='word_1_15' title='bbox 131 348 352 385; x_wconf 69' lang='lat' dir='ltr'>libertatibus.</span> <span class='ocrx_word' id='word_1_16' title='bbox 390 350 559 384; x_wconf 73' lang='lat' dir='ltr'>censibus.</span> <span class='ocrx_word' id='word_1_17' title='bbox 601 350 796 386; x_wconf 83' lang='lat' dir='ltr'>bonoribus.</span> <span class='ocrx_word' id='word_1_18' title='bbox 835 350 1039 384; x_wconf 83' lang='lat' dir='ltr'>bonoraciis.</span> <span class='ocrx_word' id='word_1_19' title='bbox 1067 351 1285 396; x_wconf 85' lang='lat' dir='ltr'>pensionibus</span> <span class='ocrx_word' id='word_1_20' title='bbox 1319 362 1541 385; x_wconf 85' lang='lat' dir='ltr'>annonarum.</span> <span class='ocrx_word' id='word_1_21' title='bbox 1574 352 1672 398; x_wconf 89' lang='lat' dir='ltr'>pullis</span> <span class='ocrx_word' id='word_1_22' title='bbox 1703 356 1732 384; x_wconf 93' lang='lat' dir='ltr'>et</span> <span class='ocrx_word' id='word_1_23' title='bbox 1765 351 1918 385; x_wconf 82' lang='lat' dir='ltr'>omnibus</span> <span class='ocrx_word' id='word_1_24' title='bbox 1948 352 2020 385; x_wconf 86' lang='lat' dir='ltr'>aliis</span> 
     </span>
     <span class='ocr_line' id='line_1_6' title="bbox 134 410 2020 459; baseline 0 -14"><span class='ocrx_word' id='word_1_25' title='bbox 134 415 165 444; x_wconf 90' lang='lat' dir='ltr'>et</span> <span class='ocrx_word' id='word_1_26' title='bbox 195 411 336 456; x_wconf 81' lang='lat' dir='ltr'>singulis</span> <span class='ocrx_word' id='word_1_27' title='bbox 365 411 560 446; x_wconf 77' lang='lat' dir='ltr'>utilitatibus</span> <span class='ocrx_word' id='word_1_28' title='bbox 582 417 612 446; x_wconf 92' lang='lat' dir='ltr'>et</span> <span class='ocrx_word' id='word_1_29' title='bbox 643 410 817 446; x_wconf 83' lang='lat' dir='ltr'>fructibus.</span> <span class='ocrx_word' id='word_1_30' title='bbox 844 412 1101 458; x_wconf 68' lang='lat' dir='ltr'>quibuscunque</span> <span class='ocrx_word' id='word_1_31' title='bbox 1122 412 1324 459; x_wconf 81' lang='lat' dir='ltr'>specialibus</span> <span class='ocrx_word' id='word_1_32' title='bbox 1356 417 1494 459; x_wconf 87' lang='lat' dir='ltr'>possunt</span> <span class='ocrx_word' id='word_1_33' title='bbox 1517 416 1633 447; x_wconf 87' lang='lat' dir='ltr'>vocari</span> <span class='ocrx_word' id='word_1_34' title='bbox 1657 412 1845 447; x_wconf 84' lang='lat' dir='ltr'>vocabulis.</span> <span class='ocrx_word' id='word_1_35' title='bbox 1877 418 2020 459; x_wconf 82' lang='lat' dir='ltr'>excepta</span> 
     </span>
     <span class='ocr_line' id='line_1_7' title="bbox 132 471 2021 520; baseline 0.001 -14"><span class='ocrx_word' id='word_1_36' title='bbox 132 471 238 506; x_wconf 86' lang='lat' dir='ltr'>berna</span> <span class='ocrx_word' id='word_1_37' title='bbox 278 474 398 518; x_wconf 84' lang='lat' dir='ltr'>regali.</span> <span class='ocrx_word' id='word_1_38' title='bbox 442 485 516 507; x_wconf 91' lang='lat' dir='ltr'>cum</span> <span class='ocrx_word' id='word_1_39' title='bbox 554 474 652 519; x_wconf 90' lang='lat' dir='ltr'>pleno</span> <span class='ocrx_word' id='word_1_40' title='bbox 691 478 721 507; x_wconf 90' lang='lat' dir='ltr'>et</span> <span class='ocrx_word' id='word_1_41' title='bbox 761 474 828 507; x_wconf 90' lang='lat' dir='ltr'>utili</span> <span class='ocrx_word' id='word_1_42' title='bbox 866 473 1026 508; x_wconf 84' lang='lat' dir='ltr'>dominio.</span> <span class='ocrx_word' id='word_1_43' title='bbox 1071 478 1167 519; x_wconf 89' lang='lat' dir='ltr'>prout</span> <span class='ocrx_word' id='word_1_44' title='bbox 1205 473 1370 508; x_wconf 89' lang='lat' dir='ltr'>hactenus</span> <span class='ocrx_word' id='word_1_45' title='bbox 1401 477 1505 520; x_wconf 88' lang='lat' dir='ltr'>ipsam</span> <span class='ocrx_word' id='word_1_46' title='bbox 1538 477 1716 508; x_wconf 88' lang='lat' dir='ltr'>tenuimus.</span> <span class='ocrx_word' id='word_1_47' title='bbox 1748 474 1961 508; x_wconf 72' lang='lat' dir='ltr'>vendidimus</span> <span class='ocrx_word' id='word_1_48' title='bbox 1992 479 2021 507; x_wconf 92' lang='lat' dir='ltr'>et</span> 
     </span>
     <span class='ocr_line' id='line_1_8' title="bbox 126 535 2020 581; baseline 0.001 -13"><span class='ocrx_word' id='word_1_49' title='bbox 126 538 248 568; x_wconf 85' lang='lat' dir='ltr'>tenore</span> <span class='ocrx_word' id='word_1_50' title='bbox 278 537 491 580; x_wconf 89' lang='lat' dir='ltr'>presencium</span> <span class='ocrx_word' id='word_1_51' title='bbox 524 535 701 569; x_wconf 75' lang='lat' dir='ltr'>vendimus</span> <span class='ocrx_word' id='word_1_52' title='bbox 740 546 800 581; x_wconf 91' lang='lat' dir='ltr'>pro</span> <span class='ocrx_word' id='word_1_53' title='bbox 839 539 972 569; x_wconf 91' lang='lat' dir='ltr'>centum</span> <span class='ocrx_word' id='word_1_54' title='bbox 1010 539 1040 568; x_wconf 94' lang='lat' dir='ltr'>et</span> <span class='ocrx_word' id='word_1_55' title='bbox 1080 537 1320 581; x_wconf 80' lang='lat' dir='ltr'>quinquaginta</span> <span class='ocrx_word' id='word_1_56' title='bbox 1360 539 1545 581; x_wconf 80' lang='lat' dir='ltr'>sexagenis</span> <span class='ocrx_word' id='word_1_57' title='bbox 1575 547 1772 581; x_wconf 71' lang='lat' dir='ltr'>grossorum</span> <span class='ocrx_word' id='word_1_58' title='bbox 1805 539 2020 581; x_wconf 66' lang='lat' dir='ltr'>pragensium</span> 
     </span>
     <span class='ocr_line' id='line_1_9' title="bbox 129 594 2016 643; baseline 0.001 -14"><span class='ocrx_word' id='word_1_59' title='bbox 129 594 357 639; x_wconf 75' lang='lat' dir='ltr'>denariorum,</span> <span class='ocrx_word' id='word_1_60' title='bbox 397 595 495 630; x_wconf 87' lang='lat' dir='ltr'>nobis</span> <span class='ocrx_word' id='word_1_61' title='bbox 533 608 593 642; x_wconf 89' lang='lat' dir='ltr'>per</span> <span class='ocrx_word' id='word_1_62' title='bbox 632 607 691 629; x_wconf 88' lang='lat' dir='ltr'>eos</span> <span class='ocrx_word' id='word_1_63' title='bbox 730 599 760 630; x_wconf 90' lang='lat' dir='ltr'>in</span> <span class='ocrx_word' id='word_1_64' title='bbox 799 600 912 642; x_wconf 90' lang='lat' dir='ltr'>parata</span> <span class='ocrx_word' id='word_1_65' title='bbox 952 600 1127 630; x_wconf 88' lang='lat' dir='ltr'>numerata</span> <span class='ocrx_word' id='word_1_66' title='bbox 1167 599 1309 642; x_wconf 87' lang='lat' dir='ltr'>pecunia</span> <span class='ocrx_word' id='word_1_67' title='bbox 1347 597 1483 631; x_wconf 79' lang='lat' dir='ltr'>realiter</span> <span class='ocrx_word' id='word_1_68' title='bbox 1513 597 1702 643; x_wconf 85' lang='lat' dir='ltr'>persolutis.</span> <span class='ocrx_word' id='word_1_69' title='bbox 1761 598 1852 638; x_wconf 77' lang='lat' dir='ltr'>Quas</span> <span class='ocrx_word' id='word_1_70' title='bbox 1883 597 2016 642; x_wconf 84' lang='lat' dir='ltr'>quidem</span> 
     </span>
     <span class='ocr_line' id='line_1_10' title="bbox 128 657 2016 704; baseline 0.001 -13"><span class='ocrx_word' id='word_1_71' title='bbox 128 659 292 703; x_wconf 82' lang='lat' dir='ltr'>pecunias</span> <span class='ocrx_word' id='word_1_72' title='bbox 320 668 381 703; x_wconf 88' lang='lat' dir='ltr'>pro</span> <span class='ocrx_word' id='word_1_73' title='bbox 411 657 571 691; x_wconf 85' lang='lat' dir='ltr'>oneribus</span> <span class='ocrx_word' id='word_1_74' title='bbox 609 669 809 703; x_wconf 65' lang='lat' dir='ltr'>«guerrarum</span> <span class='ocrx_word' id='word_1_75' title='bbox 847 662 877 691; x_wconf 90' lang='lat' dir='ltr'>et</span> <span class='ocrx_word' id='word_1_76' title='bbox 914 657 1071 703; x_wconf 78' lang='lat' dir='ltr'>gentibus</span> <span class='ocrx_word' id='word_1_77' title='bbox 1110 669 1293 701; x_wconf 79' lang='lat' dir='ltr'>armorum.</span> <span class='ocrx_word' id='word_1_78' title='bbox 1334 669 1416 703; x_wconf 91' lang='lat' dir='ltr'>quas</span> <span class='ocrx_word' id='word_1_79' title='bbox 1456 670 1516 704; x_wconf 91' lang='lat' dir='ltr'>pro</span> <span class='ocrx_word' id='word_1_80' title='bbox 1554 661 1821 704; x_wconf 83' lang='lat' dir='ltr'>recuparacione</span> <span class='ocrx_word' id='word_1_81' title='bbox 1852 658 2016 692; x_wconf 86' lang='lat' dir='ltr'>dictorum</span> 
     </span>
     <span class='ocr_line' id='line_1_11' title="bbox 129 716 2019 765; baseline 0.002 -14"><span class='ocrx_word' id='word_1_82' title='bbox 129 716 292 752; x_wconf 86' lang='lat' dir='ltr'>bonorum</span> <span class='ocrx_word' id='word_1_83' title='bbox 332 729 393 764; x_wconf 92' lang='lat' dir='ltr'>pro</span> <span class='ocrx_word' id='word_1_84' title='bbox 432 718 495 752; x_wconf 86' lang='lat' dir='ltr'>hac</span> <span class='ocrx_word' id='word_1_85' title='bbox 535 722 610 752; x_wconf 69' lang='lat' dir='ltr'>vice</span> <span class='ocrx_word' id='word_1_86' title='bbox 649 718 817 752; x_wconf 80' lang='lat' dir='ltr'>fovemus.</span> <span class='ocrx_word' id='word_1_87' title='bbox 857 719 1012 753; x_wconf 80' lang='lat' dir='ltr'>(luximus</span> <span class='ocrx_word' id='word_1_88' title='bbox 1050 720 1314 756; x_wconf 77' lang='lat' dir='ltr'>convertendas.</span> <span class='ocrx_word' id='word_1_89' title='bbox 1354 730 1454 753; x_wconf 85' lang='lat' dir='ltr'>emne</span> <span class='ocrx_word' id='word_1_90' title='bbox 1478 721 1535 763; x_wconf 87' lang='lat' dir='ltr'>jus</span> <span class='ocrx_word' id='word_1_91' title='bbox 1565 722 1791 765; x_wconf 67' lang='lat' dir='ltr'>possessionis</span> <span class='ocrx_word' id='word_1_92' title='bbox 1822 724 1852 753; x_wconf 88' lang='lat' dir='ltr'>ct</span> <span class='ocrx_word' id='word_1_93' title='bbox 1884 720 2019 754; x_wconf 87' lang='lat' dir='ltr'>dominii</span> 
     </span>
     <span class='ocr_line' id='line_1_12' title="bbox 127 778 2018 826; baseline 0.001 -13"><span class='ocrx_word' id='word_1_94' title='bbox 127 778 216 812; x_wconf 82' lang='lat' dir='ltr'>dicte</span> <span class='ocrx_word' id='word_1_95' title='bbox 245 779 325 813; x_wconf 85' lang='lat' dir='ltr'>ville</span> <span class='ocrx_word' id='word_1_96' title='bbox 354 791 429 813; x_wconf 88' lang='lat' dir='ltr'>cum</span> <span class='ocrx_word' id='word_1_97' title='bbox 460 780 615 814; x_wconf 88' lang='lat' dir='ltr'>omnibus</span> <span class='ocrx_word' id='word_1_98' title='bbox 644 785 675 813; x_wconf 88' lang='lat' dir='ltr'>et</span> <span class='ocrx_word' id='word_1_99' title='bbox 705 780 847 825; x_wconf 74' lang='lat' dir='ltr'>singulis</span> <span class='ocrx_word' id='word_1_100' title='bbox 877 783 949 814; x_wconf 87' lang='lat' dir='ltr'>eius</span> <span class='ocrx_word' id='word_1_101' title='bbox 980 780 1154 815; x_wconf 89' lang='lat' dir='ltr'>l&#39;ructibus.</span> <span class='ocrx_word' id='word_1_102' title='bbox 1186 780 1344 815; x_wconf 76' lang='lat' dir='ltr'>censibus</span> <span class='ocrx_word' id='word_1_103' title='bbox 1374 784 1404 814; x_wconf 92' lang='lat' dir='ltr'>in</span> <span class='ocrx_word' id='word_1_104' title='bbox 1436 781 1585 826; x_wconf 85' lang='lat' dir='ltr'>prefatos</span> <span class='ocrx_word' id='word_1_105' title='bbox 1616 780 1835 815; x_wconf 81' lang='lat' dir='ltr'>Katlierinam</span> <span class='ocrx_word' id='word_1_106' title='bbox 1867 787 1897 814; x_wconf 88' lang='lat' dir='ltr'>et</span> <span class='ocrx_word' id='word_1_107' title='bbox 1930 781 2018 815; x_wconf 89' lang='lat' dir='ltr'>Pro-</span> 
     </span>
     <span class='ocr_line' id='line_1_13' title="bbox 126 841 2017 888; baseline 0.001 -14"><span class='ocrx_word' id='word_1_108' title='bbox 126 842 272 887; x_wconf 84' lang='lat' dir='ltr'>copium,</span> <span class='ocrx_word' id='word_1_109' title='bbox 310 841 351 875; x_wconf 91' lang='lat' dir='ltr'>ad</span> <span class='ocrx_word' id='word_1_110' title='bbox 392 844 480 875; x_wconf 82' lang='lat' dir='ltr'>vitas</span> <span class='ocrx_word' id='word_1_111' title='bbox 516 851 631 875; x_wconf 87' lang='lat' dir='ltr'>eorum</span> <span class='ocrx_word' id='word_1_112' title='bbox 673 841 856 875; x_wconf 76' lang='lat' dir='ltr'>dumtaxat.</span> <span class='ocrx_word' id='word_1_113' title='bbox 897 845 1028 887; x_wconf 88' lang='lat' dir='ltr'>penitus</span> <span class='ocrx_word' id='word_1_114' title='bbox 1065 842 1320 876; x_wconf 75' lang='lat' dir='ltr'>transferentes.</span> <span class='ocrx_word' id='word_1_115' title='bbox 1387 842 1433 876; x_wconf 92' lang='lat' dir='ltr'>Ita</span> <span class='ocrx_word' id='word_1_116' title='bbox 1473 842 1641 878; x_wconf 82' lang='lat' dir='ltr'>videlicet.</span> <span class='ocrx_word' id='word_1_117' title='bbox 1683 843 1768 888; x_wconf 85' lang='lat' dir='ltr'>quod</span> <span class='ocrx_word' id='word_1_118' title='bbox 1801 847 1878 876; x_wconf 88' lang='lat' dir='ltr'>ante</span> <span class='ocrx_word' id='word_1_119' title='bbox 1907 846 2017 877; x_wconf 74' lang='lat' dir='ltr'>(annia</span> 
     </span>
     <span class='ocr_line' id='line_1_14' title="bbox 126 901 2018 948; baseline 0.001 -12"><span class='ocrx_word' id='word_1_120' title='bbox 126 901 256 948; x_wconf 83' lang='lat' dir='ltr'>prefata</span> <span class='ocrx_word' id='word_1_121' title='bbox 287 901 419 936; x_wconf 91' lang='lat' dir='ltr'>domina</span> <span class='ocrx_word' id='word_1_122' title='bbox 450 902 634 936; x_wconf 84' lang='lat' dir='ltr'>Katherina</span> <span class='ocrx_word' id='word_1_123' title='bbox 665 902 763 936; x_wconf 89' lang='lat' dir='ltr'>debet</span> <span class='ocrx_word' id='word_1_124' title='bbox 794 906 1062 948; x_wconf 81' lang='lat' dir='ltr'>prenominatam</span> <span class='ocrx_word' id='word_1_125' title='bbox 1086 904 1198 937; x_wconf 72' lang='lat' dir='ltr'>villam</span> <span class='ocrx_word' id='word_1_126' title='bbox 1219 915 1293 937; x_wconf 89' lang='lat' dir='ltr'>cum</span> <span class='ocrx_word' id='word_1_127' title='bbox 1316 903 1471 937; x_wconf 78' lang='lat' dir='ltr'>munibus</span> <span class='ocrx_word' id='word_1_128' title='bbox 1493 906 1560 937; x_wconf 82' lang='lat' dir='ltr'>suis</span> <span class='ocrx_word' id='word_1_129' title='bbox 1582 903 1777 937; x_wconf 83' lang='lat' dir='ltr'>utilitatibus</span> <span class='ocrx_word' id='word_1_130' title='bbox 1799 908 1829 937; x_wconf 87' lang='lat' dir='ltr'>et</span> <span class='ocrx_word' id='word_1_131' title='bbox 1861 904 2018 938; x_wconf 85' lang='lat' dir='ltr'>censibus</span> 
     </span>
     <span class='ocr_line' id='line_1_15' title="bbox 126 963 2016 1011; baseline 0.001 -14"><span class='ocrx_word' id='word_1_132' title='bbox 126 974 188 1010; x_wconf 87' lang='lat' dir='ltr'>pro</span> <span class='ocrx_word' id='word_1_133' title='bbox 217 974 255 998; x_wconf 88' lang='lat' dir='ltr'>se</span> <span class='ocrx_word' id='word_1_134' title='bbox 284 968 317 998; x_wconf 83' lang='lat' dir='ltr'>et</span> <span class='ocrx_word' id='word_1_135' title='bbox 345 964 428 1003; x_wconf 82' lang='lat' dir='ltr'>sola..</span> <span class='ocrx_word' id='word_1_136' title='bbox 459 963 615 1009; x_wconf 86' lang='lat' dir='ltr'>quamdiu</span> <span class='ocrx_word' id='word_1_137' title='bbox 646 967 784 998; x_wconf 73' lang='lat' dir='ltr'>vixerit.</span> <span class='ocrx_word' id='word_1_138' title='bbox 816 968 932 998; x_wconf 82' lang='lat' dir='ltr'>tenere</span> <span class='ocrx_word' id='word_1_139' title='bbox 963 969 993 997; x_wconf 91' lang='lat' dir='ltr'>et</span> <span class='ocrx_word' id='word_1_140' title='bbox 1025 964 1164 1010; x_wconf 81' lang='lat' dir='ltr'>pacifice</span> <span class='ocrx_word' id='word_1_141' title='bbox 1193 964 1390 1011; x_wconf 86' lang='lat' dir='ltr'>possidere:</span> <span class='ocrx_word' id='word_1_142' title='bbox 1421 968 1490 1011; x_wconf 85' lang='lat' dir='ltr'>ipsa</span> <span class='ocrx_word' id='word_1_143' title='bbox 1513 970 1623 999; x_wconf 89' lang='lat' dir='ltr'>autem</span> <span class='ocrx_word' id='word_1_144' title='bbox 1647 965 1688 999; x_wconf 84' lang='lat' dir='ltr'>(le</span> <span class='ocrx_word' id='word_1_145' title='bbox 1711 965 1773 999; x_wconf 85' lang='lat' dir='ltr'>liac</span> <span class='ocrx_word' id='word_1_146' title='bbox 1795 968 1862 999; x_wconf 85' lang='lat' dir='ltr'>vita</span> <span class='ocrx_word' id='word_1_147' title='bbox 1889 965 2016 999; x_wconf 87' lang='lat' dir='ltr'>sublata</span> 
     </span>
     <span class='ocr_line' id='line_1_16' title="bbox 126 1024 2018 1073; baseline 0.001 -14"><span class='ocrx_word' id='word_1_148' title='bbox 126 1029 206 1059; x_wconf 83' lang='lat' dir='ltr'>tunc</span> <span class='ocrx_word' id='word_1_149' title='bbox 239 1027 348 1071; x_wconf 88' lang='lat' dir='ltr'>primo</span> <span class='ocrx_word' id='word_1_150' title='bbox 387 1029 418 1059; x_wconf 86' lang='lat' dir='ltr'>et</span> <span class='ocrx_word' id='word_1_151' title='bbox 457 1031 522 1059; x_wconf 89' lang='lat' dir='ltr'>non</span> <span class='ocrx_word' id='word_1_152' title='bbox 562 1025 644 1058; x_wconf 87' lang='lat' dir='ltr'>alias</span> <span class='ocrx_word' id='word_1_153' title='bbox 683 1024 879 1072; x_wconf 83' lang='lat' dir='ltr'>Procopius.</span> <span class='ocrx_word' id='word_1_154' title='bbox 918 1037 1027 1070; x_wconf 65' lang='lat' dir='ltr'>„grener</span> <span class='ocrx_word' id='word_1_155' title='bbox 1062 1029 1177 1072; x_wconf 82' lang='lat' dir='ltr'>ipsius.</span> <span class='ocrx_word' id='word_1_156' title='bbox 1217 1029 1243 1060; x_wconf 93' lang='lat' dir='ltr'>si</span> <span class='ocrx_word' id='word_1_157' title='bbox 1274 1037 1346 1060; x_wconf 91' lang='lat' dir='ltr'>eam</span> <span class='ocrx_word' id='word_1_158' title='bbox 1387 1030 1630 1073; x_wconf 76' lang='lat' dir='ltr'>supervixerit.</span> <span class='ocrx_word' id='word_1_159' title='bbox 1661 1038 1698 1060; x_wconf 89' lang='lat' dir='ltr'>se</span> <span class='ocrx_word' id='word_1_160' title='bbox 1729 1027 1770 1060; x_wconf 91' lang='lat' dir='ltr'>de</span> <span class='ocrx_word' id='word_1_161' title='bbox 1799 1030 2018 1072; x_wconf 78' lang='lat' dir='ltr'>possessione</span> 
     </span>
     <span class='ocr_line' id='line_1_17' title="bbox 127 1086 2017 1135; baseline 0.001 -15"><span class='ocrx_word' id='word_1_162' title='bbox 127 1088 232 1133; x_wconf 90' lang='lat' dir='ltr'>ipsius</span> <span class='ocrx_word' id='word_1_163' title='bbox 261 1086 342 1120; x_wconf 89' lang='lat' dir='ltr'>ville</span> <span class='ocrx_word' id='word_1_164' title='bbox 371 1098 445 1120; x_wconf 93' lang='lat' dir='ltr'>cum</span> <span class='ocrx_word' id='word_1_165' title='bbox 476 1089 545 1121; x_wconf 90' lang='lat' dir='ltr'>suis</span> <span class='ocrx_word' id='word_1_166' title='bbox 575 1089 745 1120; x_wconf 79' lang='lat' dir='ltr'>universis</span> <span class='ocrx_word' id='word_1_167' title='bbox 775 1092 807 1120; x_wconf 87' lang='lat' dir='ltr'>et</span> <span class='ocrx_word' id='word_1_168' title='bbox 844 1087 986 1132; x_wconf 80' lang='lat' dir='ltr'>singulis</span> <span class='ocrx_word' id='word_1_169' title='bbox 1025 1087 1183 1121; x_wconf 85' lang='lat' dir='ltr'>censibus</span> <span class='ocrx_word' id='word_1_170' title='bbox 1213 1092 1243 1121; x_wconf 86' lang='lat' dir='ltr'>et</span> <span class='ocrx_word' id='word_1_171' title='bbox 1275 1087 1482 1122; x_wconf 87' lang='lat' dir='ltr'>utilitatibus.</span> <span class='ocrx_word' id='word_1_172' title='bbox 1514 1093 1544 1121; x_wconf 90' lang='lat' dir='ltr'>ut</span> <span class='ocrx_word' id='word_1_173' title='bbox 1576 1091 1788 1135; x_wconf 86' lang='lat' dir='ltr'>premittitur.</span> <span class='ocrx_word' id='word_1_174' title='bbox 1821 1091 2017 1122; x_wconf 89' lang='lat' dir='ltr'>intromittet</span> 
     </span>
     <span class='ocr_line' id='line_1_18' title="bbox 128 1148 2016 1195; baseline 0.001 -13"><span class='ocrx_word' id='word_1_175' title='bbox 128 1151 161 1182; x_wconf 87' lang='lat' dir='ltr'>et</span> <span class='ocrx_word' id='word_1_176' title='bbox 189 1148 346 1194; x_wconf 85' lang='lat' dir='ltr'>quamdiu</span> <span class='ocrx_word' id='word_1_177' title='bbox 376 1150 512 1190; x_wconf 74' lang='lat' dir='ltr'>vixerit.</span> <span class='ocrx_word' id='word_1_178' title='bbox 543 1148 682 1194; x_wconf 86' lang='lat' dir='ltr'>pacifice</span> <span class='ocrx_word' id='word_1_179' title='bbox 713 1148 906 1194; x_wconf 84' lang='lat' dir='ltr'>possidebit.</span> <span class='ocrx_word' id='word_1_180' title='bbox 939 1148 1165 1183; x_wconf 87' lang='lat' dir='ltr'>Promittimus</span> <span class='ocrx_word' id='word_1_181' title='bbox 1197 1152 1298 1193; x_wconf 72' lang='lat' dir='ltr'>igitur</span> <span class='ocrx_word' id='word_1_182' title='bbox 1327 1160 1386 1195; x_wconf 89' lang='lat' dir='ltr'>pro</span> <span class='ocrx_word' id='word_1_183' title='bbox 1418 1149 1513 1182; x_wconf 86' lang='lat' dir='ltr'>nobis</span> <span class='ocrx_word' id='word_1_184' title='bbox 1544 1154 1575 1183; x_wconf 86' lang='lat' dir='ltr'>et</span> <span class='ocrx_word' id='word_1_185' title='bbox 1605 1151 1728 1183; x_wconf 88' lang='lat' dir='ltr'>nostris</span> <span class='ocrx_word' id='word_1_186' title='bbox 1758 1149 2016 1183; x_wconf 84' lang='lat' dir='ltr'>successorilms</span> 
     </span>
     <span class='ocr_line' id='line_1_19' title="bbox 126 1208 2016 1256; baseline 0.001 -13"><span class='ocrx_word' id='word_1_187' title='bbox 126 1208 292 1255; x_wconf 79' lang='lat' dir='ltr'>prefatum</span> <span class='ocrx_word' id='word_1_188' title='bbox 322 1208 534 1243; x_wconf 89' lang='lat' dir='ltr'>vendicionis</span> <span class='ocrx_word' id='word_1_189' title='bbox 565 1213 773 1243; x_wconf 88' lang='lat' dir='ltr'>contractum</span> <span class='ocrx_word' id='word_1_190' title='bbox 805 1209 917 1251; x_wconf 82' lang='lat' dir='ltr'>modo,</span> <span class='ocrx_word' id='word_1_191' title='bbox 948 1221 1013 1256; x_wconf 90' lang='lat' dir='ltr'>quo</span> <span class='ocrx_word' id='word_1_192' title='bbox 1039 1222 1139 1256; x_wconf 88' lang='lat' dir='ltr'>supra</span> <span class='ocrx_word' id='word_1_193' title='bbox 1170 1215 1403 1256; x_wconf 76' lang='lat' dir='ltr'>expressatur.</span> <span class='ocrx_word' id='word_1_194' title='bbox 1435 1211 1636 1256; x_wconf 88' lang='lat' dir='ltr'>supradictis</span> <span class='ocrx_word' id='word_1_195' title='bbox 1657 1209 1844 1244; x_wconf 81' lang='lat' dir='ltr'>Katberine</span> <span class='ocrx_word' id='word_1_196' title='bbox 1875 1215 1904 1243; x_wconf 85' lang='lat' dir='ltr'>et</span> <span class='ocrx_word' id='word_1_197' title='bbox 1928 1210 2016 1245; x_wconf 82' lang='lat' dir='ltr'>l&#39;ro-</span> 
     </span>
     <span class='ocr_line' id='line_1_20' title="bbox 125 1270 2017 1318; baseline 0.001 -14"><span class='ocrx_word' id='word_1_198' title='bbox 125 1273 224 1318; x_wconf 89' lang='lat' dir='ltr'>copio</span> <span class='ocrx_word' id='word_1_199' title='bbox 253 1270 294 1304; x_wconf 89' lang='lat' dir='ltr'>ad</span> <span class='ocrx_word' id='word_1_200' title='bbox 324 1273 411 1304; x_wconf 88' lang='lat' dir='ltr'>vitas</span> <span class='ocrx_word' id='word_1_201' title='bbox 441 1273 589 1317; x_wconf 90' lang='lat' dir='ltr'>ipsorum</span> <span class='ocrx_word' id='word_1_202' title='bbox 620 1275 727 1304; x_wconf 87' lang='lat' dir='ltr'>ratum</span> <span class='ocrx_word' id='word_1_203' title='bbox 759 1275 876 1305; x_wconf 88' lang='lat' dir='ltr'>tenere</span> <span class='ocrx_word' id='word_1_204' title='bbox 914 1276 946 1305; x_wconf 88' lang='lat' dir='ltr'>et</span> <span class='ocrx_word' id='word_1_205' title='bbox 985 1271 1226 1306; x_wconf 89' lang='lat' dir='ltr'>inviolabiliter</span> <span class='ocrx_word' id='word_1_206' title='bbox 1255 1271 1455 1305; x_wconf 85' lang='lat' dir='ltr'>observare.</span> <span class='ocrx_word' id='word_1_207' title='bbox 1496 1274 1586 1305; x_wconf 84' lang='lat' dir='ltr'>oumi</span> <span class='ocrx_word' id='word_1_208' title='bbox 1618 1274 1818 1318; x_wconf 84' lang='lat' dir='ltr'>excepcioni</span> <span class='ocrx_word' id='word_1_209' title='bbox 1844 1273 1931 1316; x_wconf 89' lang='lat' dir='ltr'>juris</span> <span class='ocrx_word' id='word_1_210' title='bbox 1964 1273 2017 1306; x_wconf 74' lang='lat' dir='ltr'>vel</span> 
     </span>
     <span class='ocr_line' id='line_1_21' title="bbox 126 1331 2018 1378; baseline 0.001 -12"><span class='ocrx_word' id='word_1_211' title='bbox 126 1331 217 1375; x_wconf 76' lang='lat' dir='ltr'>facti,</span> <span class='ocrx_word' id='word_1_212' title='bbox 247 1342 314 1367; x_wconf 91' lang='lat' dir='ltr'>non</span> <span class='ocrx_word' id='word_1_213' title='bbox 344 1336 519 1366; x_wconf 85' lang='lat' dir='ltr'>numerate</span> <span class='ocrx_word' id='word_1_214' title='bbox 550 1335 705 1378; x_wconf 67' lang='lat' dir='ltr'>pecunie,</span> <span class='ocrx_word' id='word_1_215' title='bbox 737 1332 804 1366; x_wconf 91' lang='lat' dir='ltr'>doli</span> <span class='ocrx_word' id='word_1_216' title='bbox 843 1333 918 1366; x_wconf 91' lang='lat' dir='ltr'>mali</span> <span class='ocrx_word' id='word_1_217' title='bbox 959 1338 990 1367; x_wconf 92' lang='lat' dir='ltr'>et</span> <span class='ocrx_word' id='word_1_218' title='bbox 1022 1344 1088 1367; x_wconf 90' lang='lat' dir='ltr'>non</span> <span class='ocrx_word' id='word_1_219' title='bbox 1119 1344 1162 1367; x_wconf 83' lang='lat' dir='ltr'>ex</span> <span class='ocrx_word' id='word_1_220' title='bbox 1193 1333 1340 1377; x_wconf 73' lang='lat' dir='ltr'>legitima</span> <span class='ocrx_word' id='word_1_221' title='bbox 1375 1344 1477 1367; x_wconf 81' lang='lat' dir='ltr'>causa</span> <span class='ocrx_word' id='word_1_222' title='bbox 1508 1333 1728 1367; x_wconf 88' lang='lat' dir='ltr'>alienacionis</span> <span class='ocrx_word' id='word_1_223' title='bbox 1761 1334 1847 1367; x_wconf 80' lang='lat' dir='ltr'>facte</span> <span class='ocrx_word' id='word_1_224' title='bbox 1878 1338 1907 1367; x_wconf 85' lang='lat' dir='ltr'>et</span> <span class='ocrx_word' id='word_1_225' title='bbox 1941 1337 2018 1367; x_wconf 92' lang='lat' dir='ltr'>cui-</span> 
     </span>
     <span class='ocr_line' id='line_1_22' title="bbox 127 1394 2018 1441; baseline 0.001 -13"><span class='ocrx_word' id='word_1_226' title='bbox 127 1404 259 1440; x_wconf 86' lang='lat' dir='ltr'>cunque</span> <span class='ocrx_word' id='word_1_227' title='bbox 289 1396 489 1440; x_wconf 85' lang='lat' dir='ltr'>excepcioni</span> <span class='ocrx_word' id='word_1_228' title='bbox 520 1394 583 1427; x_wconf 88' lang='lat' dir='ltr'>alie</span> <span class='ocrx_word' id='word_1_229' title='bbox 609 1395 696 1438; x_wconf 89' lang='lat' dir='ltr'>juris</span> <span class='ocrx_word' id='word_1_230' title='bbox 727 1397 879 1428; x_wconf 87' lang='lat' dir='ltr'>canonici</span> <span class='ocrx_word' id='word_1_231' title='bbox 917 1395 970 1428; x_wconf 82' lang='lat' dir='ltr'>vel</span> <span class='ocrx_word' id='word_1_232' title='bbox 1009 1396 1120 1429; x_wconf 73' lang='lat' dir='ltr'>civilis</span> <span class='ocrx_word' id='word_1_233' title='bbox 1157 1406 1216 1441; x_wconf 89' lang='lat' dir='ltr'>pro</span> <span class='ocrx_word' id='word_1_234' title='bbox 1256 1394 1352 1428; x_wconf 84' lang='lat' dir='ltr'>nobis</span> <span class='ocrx_word' id='word_1_235' title='bbox 1382 1400 1413 1428; x_wconf 87' lang='lat' dir='ltr'>et</span> <span class='ocrx_word' id='word_1_236' title='bbox 1444 1398 1567 1429; x_wconf 86' lang='lat' dir='ltr'>nostris</span> <span class='ocrx_word' id='word_1_237' title='bbox 1598 1395 1855 1429; x_wconf 85' lang='lat' dir='ltr'>successoribus</span> <span class='ocrx_word' id='word_1_238' title='bbox 1886 1399 2018 1441; x_wconf 82' lang='lat' dir='ltr'>penitus</span> 
     </span>
     <span class='ocr_line' id='line_1_23' title="bbox 126 1454 2017 1503; baseline 0.001 -14"><span class='ocrx_word' id='word_1_239' title='bbox 126 1457 378 1490; x_wconf 86' lang='lat' dir='ltr'>renunciantes.</span> <span class='ocrx_word' id='word_1_240' title='bbox 409 1454 455 1489; x_wconf 92' lang='lat' dir='ltr'>Ita</span> <span class='ocrx_word' id='word_1_241' title='bbox 487 1459 610 1498; x_wconf 86' lang='lat' dir='ltr'>tamen.</span> <span class='ocrx_word' id='word_1_242' title='bbox 641 1454 729 1500; x_wconf 88' lang='lat' dir='ltr'>quod</span> <span class='ocrx_word' id='word_1_243' title='bbox 751 1466 812 1489; x_wconf 87' lang='lat' dir='ltr'>nos</span> <span class='ocrx_word' id='word_1_244' title='bbox 834 1460 887 1489; x_wconf 86' lang='lat' dir='ltr'>aut</span> <span class='ocrx_word' id='word_1_245' title='bbox 909 1466 1128 1490; x_wconf 85' lang='lat' dir='ltr'>successores</span> <span class='ocrx_word' id='word_1_246' title='bbox 1151 1459 1255 1490; x_wconf 90' lang='lat' dir='ltr'>nostri</span> <span class='ocrx_word' id='word_1_247' title='bbox 1278 1456 1468 1489; x_wconf 88' lang='lat' dir='ltr'>teoloneum</span> <span class='ocrx_word' id='word_1_248' title='bbox 1492 1455 1547 1502; x_wconf 60' lang='lat'>(5²)</span> <span class='ocrx_word' id='word_1_249' title='bbox 1568 1456 1754 1502; x_wconf 84' lang='lat' dir='ltr'>predictum</span> <span class='ocrx_word' id='word_1_250' title='bbox 1777 1459 1837 1490; x_wconf 83' lang='lat' dir='ltr'>sic.</span> <span class='ocrx_word' id='word_1_251' title='bbox 1868 1461 1900 1490; x_wconf 92' lang='lat' dir='ltr'>ut</span> <span class='ocrx_word' id='word_1_252' title='bbox 1932 1468 2017 1503; x_wconf 90' lang='lat' dir='ltr'>pre-</span> 
     </span>
     <span class='ocr_line' id='line_1_24' title="bbox 127 1517 2015 1563; baseline 0.001 -13"><span class='ocrx_word' id='word_1_253' title='bbox 127 1519 265 1551; x_wconf 81' lang='lat' dir='ltr'>mittitur</span> <span class='ocrx_word' id='word_1_254' title='bbox 292 1527 354 1563; x_wconf 91' lang='lat' dir='ltr'>per</span> <span class='ocrx_word' id='word_1_255' title='bbox 391 1527 453 1551; x_wconf 90' lang='lat' dir='ltr'>nos</span> <span class='ocrx_word' id='word_1_256' title='bbox 490 1517 675 1560; x_wconf 55' lang='lat' dir='ltr'>venditum.</span> <span class='ocrx_word' id='word_1_257' title='bbox 716 1517 890 1550; x_wconf 71' lang='lat' dir='ltr'>valeamus</span> <span class='ocrx_word' id='word_1_258' title='bbox 929 1529 1083 1551; x_wconf 84' lang='lat' dir='ltr'>reemerc</span> <span class='ocrx_word' id='word_1_259' title='bbox 1124 1521 1196 1551; x_wconf 87' lang='lat' dir='ltr'>sinc</span> <span class='ocrx_word' id='word_1_260' title='bbox 1235 1517 1381 1563; x_wconf 85' lang='lat' dir='ltr'>qualibet</span> <span class='ocrx_word' id='word_1_261' title='bbox 1419 1518 1694 1551; x_wconf 75' lang='lat' dir='ltr'>contratliccione</span> <span class='ocrx_word' id='word_1_262' title='bbox 1735 1523 1764 1551; x_wconf 87' lang='lat' dir='ltr'>et</span> <span class='ocrx_word' id='word_1_263' title='bbox 1806 1518 2015 1552; x_wconf 83' lang='lat' dir='ltr'>difficultate.</span> 
     </span>
     <span class='ocr_line' id='line_1_25' title="bbox 124 1577 2015 1625; baseline 0.001 -13"><span class='ocrx_word' id='word_1_264' title='bbox 124 1577 242 1612; x_wconf 84' lang='lat' dir='ltr'>solutis</span> <span class='ocrx_word' id='word_1_265' title='bbox 271 1582 403 1612; x_wconf 86' lang='lat' dir='ltr'>centum</span> <span class='ocrx_word' id='word_1_266' title='bbox 435 1582 466 1611; x_wconf 93' lang='lat' dir='ltr'>et</span> <span class='ocrx_word' id='word_1_267' title='bbox 497 1577 737 1624; x_wconf 75' lang='lat' dir='ltr'>quinquaginta</span> <span class='ocrx_word' id='word_1_268' title='bbox 775 1581 960 1616; x_wconf 55' lang='lat' dir='ltr'>sexagenis</span> <span class='ocrx_word' id='word_1_269' title='bbox 989 1590 1187 1623; x_wconf 73' lang='lat' dir='ltr'>grossorum</span> <span class='ocrx_word' id='word_1_270' title='bbox 1219 1579 1501 1625; x_wconf 85' lang='lat' dir='ltr'>supradictorum.</span> <span class='ocrx_word' id='word_1_271' title='bbox 1548 1582 1761 1625; x_wconf 85' lang='lat' dir='ltr'>requirentes</span> <span class='ocrx_word' id='word_1_272' title='bbox 1791 1584 1823 1613; x_wconf 85' lang='lat' dir='ltr'>et</span> <span class='ocrx_word' id='word_1_273' title='bbox 1853 1584 2015 1620; x_wconf 59' lang='lat' dir='ltr'>rogantes</span> 
     </span>
     <span class='ocr_line' id='line_1_26' title="bbox 124 1637 2014 1687; baseline 0.001 -14"><span class='ocrx_word' id='word_1_274' title='bbox 124 1637 341 1673; x_wconf 84' lang='lat' dir='ltr'>honorabiles</span> <span class='ocrx_word' id='word_1_275' title='bbox 370 1641 464 1673; x_wconf 84' lang='lat' dir='ltr'>viros</span> <span class='ocrx_word' id='word_1_276' title='bbox 501 1639 682 1685; x_wconf 89' lang='lat' dir='ltr'>capitulum</span> <span class='ocrx_word' id='word_1_277' title='bbox 722 1640 868 1674; x_wconf 85' lang='lat' dir='ltr'>ecclesie</span> <span class='ocrx_word' id='word_1_278' title='bbox 909 1640 1157 1675; x_wconf 74' lang='lat' dir='ltr'>(llomucensis.</span> <span class='ocrx_word' id='word_1_279' title='bbox 1197 1640 1318 1674; x_wconf 74' lang='lat' dir='ltr'>fratres</span> <span class='ocrx_word' id='word_1_280' title='bbox 1359 1645 1494 1674; x_wconf 86' lang='lat' dir='ltr'>nostros</span> <span class='ocrx_word' id='word_1_281' title='bbox 1533 1644 1739 1675; x_wconf 78' lang='lat' dir='ltr'>carissimos.</span> <span class='ocrx_word' id='word_1_282' title='bbox 1781 1645 1946 1687; x_wconf 87' lang='lat' dir='ltr'>quatenus</span> <span class='ocrx_word' id='word_1_283' title='bbox 1976 1641 2014 1674; x_wconf 87' lang='lat' dir='ltr'>ad</span> 
     </span>
     <span class='ocr_line' id='line_1_27' title="bbox 123 1699 2012 1748; baseline 0 -13"><span class='ocrx_word' id='word_1_284' title='bbox 123 1699 289 1748; x_wconf 86' lang='lat' dir='ltr'>prefatum</span> <span class='ocrx_word' id='word_1_285' title='bbox 320 1701 531 1735; x_wconf 88' lang='lat' dir='ltr'>vendicionis</span> <span class='ocrx_word' id='word_1_286' title='bbox 561 1705 591 1734; x_wconf 86' lang='lat' dir='ltr'>et</span> <span class='ocrx_word' id='word_1_287' title='bbox 623 1704 810 1747; x_wconf 87' lang='lat' dir='ltr'>empcionis</span> <span class='ocrx_word' id='word_1_288' title='bbox 845 1706 1053 1736; x_wconf 76' lang='lat' dir='ltr'>contractum</span> <span class='ocrx_word' id='word_1_289' title='bbox 1086 1705 1116 1735; x_wconf 90' lang='lat' dir='ltr'>in</span> <span class='ocrx_word' id='word_1_290' title='bbox 1146 1702 1300 1736; x_wconf 85' lang='lat' dir='ltr'>omnibus</span> <span class='ocrx_word' id='word_1_291' title='bbox 1329 1705 1398 1736; x_wconf 81' lang='lat' dir='ltr'>suis</span> <span class='ocrx_word' id='word_1_292' title='bbox 1419 1702 1568 1736; x_wconf 85' lang='lat' dir='ltr'>articulis</span> <span class='ocrx_word' id='word_1_293' title='bbox 1599 1707 1629 1735; x_wconf 87' lang='lat' dir='ltr'>ct</span> <span class='ocrx_word' id='word_1_294' title='bbox 1660 1702 1821 1736; x_wconf 82' lang='lat' dir='ltr'>clausulis</span> <span class='ocrx_word' id='word_1_295' title='bbox 1852 1702 1892 1736; x_wconf 90' lang='lat' dir='ltr'>ad</span> <span class='ocrx_word' id='word_1_296' title='bbox 1927 1705 2012 1736; x_wconf 74' lang='lat' dir='ltr'>vitas</span> 
     </span>
     <span class='ocr_line' id='line_1_28' title="bbox 124 1761 2014 1809; baseline 0.001 -13"><span class='ocrx_word' id='word_1_297' title='bbox 124 1762 350 1808; x_wconf 89' lang='lat' dir='ltr'>predictorum</span> <span class='ocrx_word' id='word_1_298' title='bbox 380 1761 566 1796; x_wconf 85' lang='lat' dir='ltr'>Katberine</span> <span class='ocrx_word' id='word_1_299' title='bbox 596 1767 626 1796; x_wconf 87' lang='lat' dir='ltr'>et</span> <span class='ocrx_word' id='word_1_300' title='bbox 658 1762 824 1809; x_wconf 86' lang='lat' dir='ltr'>Procopii.</span> <span class='ocrx_word' id='word_1_301' title='bbox 856 1766 981 1797; x_wconf 88' lang='lat' dir='ltr'>amoris</span> <span class='ocrx_word' id='word_1_302' title='bbox 1011 1768 1042 1796; x_wconf 88' lang='lat' dir='ltr'>et</span> <span class='ocrx_word' id='word_1_303' title='bbox 1074 1766 1287 1797; x_wconf 75' lang='lat' dir='ltr'>necessitatis</span> <span class='ocrx_word' id='word_1_304' title='bbox 1317 1766 1423 1797; x_wconf 88' lang='lat' dir='ltr'>nostri</span> <span class='ocrx_word' id='word_1_305' title='bbox 1454 1766 1569 1797; x_wconf 86' lang='lat' dir='ltr'>intuitu</span> <span class='ocrx_word' id='word_1_306' title='bbox 1602 1763 1749 1800; x_wconf 57' lang='lat' dir='ltr'>benigne</span> <span class='ocrx_word' id='word_1_307' title='bbox 1779 1767 2014 1797; x_wconf 86' lang='lat' dir='ltr'>consenciant.</span> 
     </span>
     <span class='ocr_line' id='line_1_29' title="bbox 123 1822 2015 1871; baseline -0.001 -13"><span class='ocrx_word' id='word_1_308' title='bbox 123 1822 195 1858; x_wconf 75' lang='lat' dir='ltr'>Nos</span> <span class='ocrx_word' id='word_1_309' title='bbox 224 1834 358 1870; x_wconf 86' lang='lat' dir='ltr'>quoquc</span> <span class='ocrx_word' id='word_1_310' title='bbox 387 1823 550 1858; x_wconf 88' lang='lat' dir='ltr'>Artlcbus</span> <span class='ocrx_word' id='word_1_311' title='bbox 580 1827 694 1858; x_wconf 86' lang='lat' dir='ltr'>senior</span> <span class='ocrx_word' id='word_1_312' title='bbox 725 1828 909 1858; x_wconf 84' lang='lat' dir='ltr'>canonicus</span> <span class='ocrx_word' id='word_1_313' title='bbox 940 1827 1113 1870; x_wconf 82' lang='lat' dir='ltr'>ceterique</span> <span class='ocrx_word' id='word_1_314' title='bbox 1144 1828 1296 1859; x_wconf 91' lang='lat' dir='ltr'>canonici</span> <span class='ocrx_word' id='word_1_315' title='bbox 1329 1830 1358 1858; x_wconf 90' lang='lat' dir='ltr'>et</span> <span class='ocrx_word' id='word_1_316' title='bbox 1390 1825 1568 1871; x_wconf 87' lang='lat' dir='ltr'>capitulum</span> <span class='ocrx_word' id='word_1_317' title='bbox 1601 1825 1747 1858; x_wconf 86' lang='lat' dir='ltr'>ecclesie</span> <span class='ocrx_word' id='word_1_318' title='bbox 1778 1825 2015 1858; x_wconf 73' lang='lat' dir='ltr'>Olonna-ensis</span> 
     </span>
     <span class='ocr_line' id='line_1_30' title="bbox 124 1885 2015 1932; baseline 0 -13"><span class='ocrx_word' id='word_1_319' title='bbox 124 1885 276 1932; x_wconf 81' lang='lat' dir='ltr'>predicte</span> <span class='ocrx_word' id='word_1_320' title='bbox 306 1886 562 1920; x_wconf 86' lang='lat' dir='ltr'>considerantes</span> <span class='ocrx_word' id='word_1_321' title='bbox 594 1889 757 1932; x_wconf 87' lang='lat' dir='ltr'>premissa</span> <span class='ocrx_word' id='word_1_322' title='bbox 789 1890 898 1920; x_wconf 88' lang='lat' dir='ltr'>omnia</span> <span class='ocrx_word' id='word_1_323' title='bbox 931 1891 959 1919; x_wconf 90' lang='lat' dir='ltr'>et</span> <span class='ocrx_word' id='word_1_324' title='bbox 992 1887 1122 1925; x_wconf 62' lang='lat' dir='ltr'>sinmita</span> <span class='ocrx_word' id='word_1_325' title='bbox 1153 1898 1230 1920; x_wconf 88' lang='lat' dir='ltr'>esse</span> <span class='ocrx_word' id='word_1_326' title='bbox 1261 1898 1355 1921; x_wconf 84' lang='lat' dir='ltr'>vera.</span> <span class='ocrx_word' id='word_1_327' title='bbox 1388 1889 1518 1920; x_wconf 89' lang='lat' dir='ltr'>notoria</span> <span class='ocrx_word' id='word_1_328' title='bbox 1550 1891 1578 1919; x_wconf 91' lang='lat' dir='ltr'>et</span> <span class='ocrx_word' id='word_1_329' title='bbox 1613 1886 1788 1919; x_wconf 78' lang='lat' dir='ltr'>manifesta</span> <span class='ocrx_word' id='word_1_330' title='bbox 1821 1886 2015 1931; x_wconf 86' lang='lat' dir='ltr'>dictumque</span> 
     </span>
     <span class='ocr_line' id='line_1_31' title="bbox 124 1946 2013 1994; baseline -0.001 -13"><span class='ocrx_word' id='word_1_331' title='bbox 124 1946 294 1981; x_wconf 89' lang='lat' dir='ltr'>dominum</span> <span class='ocrx_word' id='word_1_332' title='bbox 325 1951 474 1981; x_wconf 87' lang='lat' dir='ltr'>nostrum</span> <span class='ocrx_word' id='word_1_333' title='bbox 506 1950 701 1993; x_wconf 82' lang='lat' dir='ltr'>episcopum</span> <span class='ocrx_word' id='word_1_334' title='bbox 732 1952 870 1994; x_wconf 86' lang='lat' dir='ltr'>propter</span> <span class='ocrx_word' id='word_1_335' title='bbox 892 1951 1190 1993; x_wconf 88' lang='lat' dir='ltr'>recuparacioncm</span> <span class='ocrx_word' id='word_1_336' title='bbox 1214 1948 1435 1982; x_wconf 85' lang='lat' dir='ltr'>alienatorum</span> <span class='ocrx_word' id='word_1_337' title='bbox 1466 1953 1496 1980; x_wconf 89' lang='lat' dir='ltr'>et</span> <span class='ocrx_word' id='word_1_338' title='bbox 1519 1948 1755 1981; x_wconf 83' lang='lat' dir='ltr'>distractorum</span> <span class='ocrx_word' id='word_1_339' title='bbox 1788 1958 1852 1981; x_wconf 89' lang='lat' dir='ltr'>non</span> <span class='ocrx_word' id='word_1_340' title='bbox 1885 1947 2013 1981; x_wconf 85' lang='lat' dir='ltr'>modica</span> 
     </span>
     <span class='ocr_line' id='line_1_32' title="bbox 122 2007 2010 2055; baseline -0.001 -13"><span class='ocrx_word' id='word_1_341' title='bbox 122 2008 265 2055; x_wconf 87' lang='lat' dir='ltr'>dampna</span> <span class='ocrx_word' id='word_1_342' title='bbox 295 2013 328 2042; x_wconf 80' lang='lat' dir='ltr'>et</span> <span class='ocrx_word' id='word_1_343' title='bbox 357 2007 466 2042; x_wconf 91' lang='lat' dir='ltr'>debita</span> <span class='ocrx_word' id='word_1_344' title='bbox 498 2012 733 2043; x_wconf 76' lang='lat' dir='ltr'>contraxisse:</span> <span class='ocrx_word' id='word_1_345' title='bbox 779 2011 853 2042; x_wconf 82' lang='lat' dir='ltr'>ideo</span> <span class='ocrx_word' id='word_1_346' title='bbox 898 2010 936 2043; x_wconf 85' lang='lat' dir='ltr'>ad</span> <span class='ocrx_word' id='word_1_347' title='bbox 974 2010 1138 2055; x_wconf 78' lang='lat' dir='ltr'>prefatum</span> <span class='ocrx_word' id='word_1_348' title='bbox 1172 2010 1382 2043; x_wconf 71' lang='lat' dir='ltr'>vendicionis</span> <span class='ocrx_word' id='word_1_349' title='bbox 1412 2010 1499 2043; x_wconf 85' lang='lat' dir='ltr'>‹licte</span> <span class='ocrx_word' id='word_1_350' title='bbox 1530 2009 1607 2042; x_wconf 79' lang='lat' dir='ltr'>ville</span> <span class='ocrx_word' id='word_1_351' title='bbox 1637 2008 1769 2043; x_wconf 81' lang='lat' dir='ltr'>Cliotun</span> <span class='ocrx_word' id='word_1_352' title='bbox 1801 2013 2010 2042; x_wconf 84' lang='lat' dir='ltr'>contractum</span> 
     </span>
     <span class='ocr_line' id='line_1_33' title="bbox 121 2069 2014 2117; baseline -0.001 -13"><span class='ocrx_word' id='word_1_353' title='bbox 121 2072 184 2113; x_wconf 85' lang='lat' dir='ltr'>sic,</span> <span class='ocrx_word' id='word_1_354' title='bbox 213 2073 248 2103; x_wconf 84' lang='lat' dir='ltr'>ut</span> <span class='ocrx_word' id='word_1_355' title='bbox 276 2073 490 2116; x_wconf 74' lang='lat' dir='ltr'>premittitur.</span> <span class='ocrx_word' id='word_1_356' title='bbox 521 2070 560 2103; x_wconf 90' lang='lat' dir='ltr'>ad</span> <span class='ocrx_word' id='word_1_357' title='bbox 592 2070 756 2104; x_wconf 90' lang='lat' dir='ltr'>dictorum</span> <span class='ocrx_word' id='word_1_358' title='bbox 790 2070 972 2104; x_wconf 73' lang='lat' dir='ltr'>Katberine</span> <span class='ocrx_word' id='word_1_359' title='bbox 1003 2075 1033 2103; x_wconf 86' lang='lat' dir='ltr'>et</span> <span class='ocrx_word' id='word_1_360' title='bbox 1067 2069 1220 2117; x_wconf 88' lang='lat' dir='ltr'>Procopii</span> <span class='ocrx_word' id='word_1_361' title='bbox 1252 2074 1338 2105; x_wconf 71' lang='lat' dir='ltr'>vitas</span> <span class='ocrx_word' id='word_1_362' title='bbox 1361 2071 1482 2104; x_wconf 87' lang='lat' dir='ltr'>sactum</span> <span class='ocrx_word' id='word_1_363' title='bbox 1506 2075 1612 2104; x_wconf 87' lang='lat' dir='ltr'>ratum</span> <span class='ocrx_word' id='word_1_364' title='bbox 1634 2075 1664 2103; x_wconf 89' lang='lat' dir='ltr'>et</span> <span class='ocrx_word' id='word_1_365' title='bbox 1686 2075 1818 2115; x_wconf 57' lang='lat' dir='ltr'>gratum</span> <span class='ocrx_word' id='word_1_366' title='bbox 1851 2070 2014 2103; x_wconf 83' lang='lat' dir='ltr'>babentes</span> 
     </span>
     <span class='ocr_line' id='line_1_34' title="bbox 122 2129 2011 2177; baseline 0 -13"><span class='ocrx_word' id='word_1_367' title='bbox 122 2141 184 2177; x_wconf 85' lang='lat' dir='ltr'>pro</span> <span class='ocrx_word' id='word_1_368' title='bbox 212 2129 310 2165; x_wconf 80' lang='lat' dir='ltr'>nobiS</span> <span class='ocrx_word' id='word_1_369' title='bbox 340 2136 371 2165; x_wconf 85' lang='lat' dir='ltr'>et</span> <span class='ocrx_word' id='word_1_370' title='bbox 402 2134 526 2165; x_wconf 89' lang='lat' dir='ltr'>nostris</span> <span class='ocrx_word' id='word_1_371' title='bbox 567 2131 824 2165; x_wconf 83' lang='lat' dir='ltr'>successoribus</span> <span class='ocrx_word' id='word_1_372' title='bbox 862 2143 900 2164; x_wconf 86' lang='lat' dir='ltr'>ae</span> <span class='ocrx_word' id='word_1_373' title='bbox 940 2131 1118 2177; x_wconf 84' lang='lat' dir='ltr'>capitulum</span> <span class='ocrx_word' id='word_1_374' title='bbox 1151 2132 1380 2166; x_wconf 74' lang='lat' dir='ltr'>Olomucense</span> <span class='ocrx_word' id='word_1_375' title='bbox 1411 2132 1493 2177; x_wconf 69' lang='lat' dir='ltr'>(sie</span> <span class='ocrx_word' id='word_1_376' title='bbox 1525 2137 1644 2165; x_wconf 89' lang='lat' dir='ltr'>tenore</span> <span class='ocrx_word' id='word_1_377' title='bbox 1675 2135 1886 2177; x_wconf 85' lang='lat' dir='ltr'>presencium</span> <span class='ocrx_word' id='word_1_378' title='bbox 1919 2143 2011 2165; x_wconf 89' lang='lat' dir='ltr'>con-</span> 
     </span>
     <span class='ocr_line' id='line_1_35' title="bbox 120 2192 2013 2239; baseline -0.001 -13"><span class='ocrx_word' id='word_1_379' title='bbox 120 2194 295 2234; x_wconf 76' lang='lat' dir='ltr'>sentimus,</span> <span class='ocrx_word' id='word_1_380' title='bbox 325 2195 559 2238; x_wconf 83' lang='lat' dir='ltr'>promittentes</span> <span class='ocrx_word' id='word_1_381' title='bbox 590 2192 676 2227; x_wconf 88' lang='lat' dir='ltr'>bona</span> <span class='ocrx_word' id='word_1_382' title='bbox 709 2193 772 2226; x_wconf 85' lang='lat' dir='ltr'>lide</span> <span class='ocrx_word' id='word_1_383' title='bbox 802 2197 965 2239; x_wconf 84' lang='lat' dir='ltr'>premissa</span> <span class='ocrx_word' id='word_1_384' title='bbox 997 2195 1106 2226; x_wconf 77' lang='lat' dir='ltr'>oiiuiia</span> <span class='ocrx_word' id='word_1_385' title='bbox 1138 2198 1166 2225; x_wconf 92' lang='lat' dir='ltr'>et</span> <span class='ocrx_word' id='word_1_386' title='bbox 1199 2193 1330 2233; x_wconf 60' lang='lat' dir='ltr'>singula</span> <span class='ocrx_word' id='word_1_387' title='bbox 1362 2204 1421 2239; x_wconf 88' lang='lat' dir='ltr'>pro</span> <span class='ocrx_word' id='word_1_388' title='bbox 1452 2193 1611 2239; x_wconf 87' lang='lat' dir='ltr'>predictis</span> <span class='ocrx_word' id='word_1_389' title='bbox 1642 2196 1796 2239; x_wconf 87' lang='lat' dir='ltr'>personis</span> <span class='ocrx_word' id='word_1_390' title='bbox 1828 2192 2013 2225; x_wconf 76' lang='lat' dir='ltr'>inviolabi-</span> 
     </span>
     <span class='ocr_line' id='line_1_36' title="bbox 122 2252 2010 2300; baseline -0.001 -13"><span class='ocrx_word' id='word_1_391' title='bbox 122 2252 198 2288; x_wconf 88' lang='lat' dir='ltr'>liter</span> <span class='ocrx_word' id='word_1_392' title='bbox 226 2252 426 2287; x_wconf 84' lang='lat' dir='ltr'>observare.</span> <span class='ocrx_word' id='word_1_393' title='bbox 486 2253 610 2287; x_wconf 86' lang='lat' dir='ltr'>llarmn</span> <span class='ocrx_word' id='word_1_394' title='bbox 655 2253 773 2299; x_wconf 68' lang='lat' dir='ltr'>quilius</span> <span class='ocrx_word' id='word_1_395' title='bbox 816 2254 960 2291; x_wconf 58' lang='lat' dir='ltr'>sigillum</span> <span class='ocrx_word' id='word_1_396' title='bbox 1007 2257 1111 2287; x_wconf 91' lang='lat' dir='ltr'>nostri</span> <span class='ocrx_word' id='word_1_397' title='bbox 1151 2254 1284 2300; x_wconf 86' lang='lat' dir='ltr'>capituli</span> <span class='ocrx_word' id='word_1_398' title='bbox 1325 2265 1467 2288; x_wconf 90' lang='lat' dir='ltr'>unacum</span> <span class='ocrx_word' id='word_1_399' title='bbox 1499 2254 1611 2294; x_wconf 64' lang='lat' dir='ltr'>sigillo</span> <span class='ocrx_word' id='word_1_400' title='bbox 1642 2255 1718 2287; x_wconf 84' lang='lat' dir='ltr'>‹licti</span> <span class='ocrx_word' id='word_1_401' title='bbox 1749 2254 1872 2286; x_wconf 85' lang='lat' dir='ltr'>‹lomini</span> <span class='ocrx_word' id='word_1_402' title='bbox 1904 2256 2010 2287; x_wconf 78' lang='lat' dir='ltr'>nostri</span> 
     </span>
     <span class='ocr_line' id='line_1_37' title="bbox 123 2314 2009 2362; baseline -0.001 -14"><span class='ocrx_word' id='word_1_403' title='bbox 123 2317 272 2361; x_wconf 80' lang='lat' dir='ltr'>episcopi</span> <span class='ocrx_word' id='word_1_404' title='bbox 303 2314 344 2348; x_wconf 87' lang='lat' dir='ltr'>de</span> <span class='ocrx_word' id='word_1_405' title='bbox 375 2319 466 2348; x_wconf 84' lang='lat' dir='ltr'>certa</span> <span class='ocrx_word' id='word_1_406' title='bbox 498 2318 645 2349; x_wconf 89' lang='lat' dir='ltr'>sciencia</span> <span class='ocrx_word' id='word_1_407' title='bbox 677 2327 860 2362; x_wconf 82' lang='lat' dir='ltr'>appensum</span> <span class='ocrx_word' id='word_1_408' title='bbox 892 2320 938 2348; x_wconf 78' lang='lat' dir='ltr'>est</span> <span class='ocrx_word' id='word_1_409' title='bbox 972 2318 1163 2349; x_wconf 68' lang='lat' dir='ltr'>testimonio</span> <span class='ocrx_word' id='word_1_410' title='bbox 1195 2316 1376 2349; x_wconf 87' lang='lat' dir='ltr'>literarum.</span> <span class='ocrx_word' id='word_1_411' title='bbox 1423 2315 1542 2349; x_wconf 84' lang='lat' dir='ltr'>Datum</span> <span class='ocrx_word' id='word_1_412' title='bbox 1575 2315 1737 2348; x_wconf 74' lang='lat' dir='ltr'>(tloinucz</span> <span class='ocrx_word' id='word_1_413' title='bbox 1767 2326 1854 2348; x_wconf 90' lang='lat' dir='ltr'>anno</span> <span class='ocrx_word' id='word_1_414' title='bbox 1886 2315 2009 2348; x_wconf 87' lang='lat' dir='ltr'>domini</span> 
     </span>
     <span class='ocr_line' id='line_1_38' title="bbox 120 2371 2008 2411; baseline -0.001 -2"><span class='ocrx_word' id='word_1_415' title='bbox 120 2371 307 2410; x_wconf 80' lang='lat' dir='ltr'>M⁰CCCC⁰</span> <span class='ocrx_word' id='word_1_416' title='bbox 344 2376 398 2409; x_wconf 73' lang='lat' dir='ltr'>die</span> <span class='ocrx_word' id='word_1_417' title='bbox 441 2375 566 2410; x_wconf 87' lang='lat' dir='ltr'>XXIII.</span> <span class='ocrx_word' id='word_1_418' title='bbox 608 2380 732 2410; x_wconf 80' lang='lat' dir='ltr'>mensis</span> <span class='ocrx_word' id='word_1_419' title='bbox 765 2376 938 2411; x_wconf 80' lang='lat' dir='ltr'>Februarii</span> <span class='ocrx_word' id='word_1_420' title='bbox 985 2380 1014 2410; x_wconf 88' lang='lat' dir='ltr'>iu</span> <span class='ocrx_word' id='word_1_421' title='bbox 1059 2380 1207 2411; x_wconf 75' lang='lat' dir='ltr'>crastino</span> <span class='ocrx_word' id='word_1_422' title='bbox 1248 2377 1403 2410; x_wconf 77' lang='lat' dir='ltr'>videlicet</span> <span class='ocrx_word' id='word_1_423' title='bbox 1447 2377 1520 2410; x_wconf 83' lang='lat' dir='ltr'>l&#39;esti</span> <span class='ocrx_word' id='word_1_424' title='bbox 1562 2376 1724 2409; x_wconf 66' lang='lat' dir='ltr'>lantberti-i·</span> <span class='ocrx_word' id='word_1_425' title='bbox 1776 2379 1881 2409; x_wconf 87' lang='lat' dir='ltr'>sancti</span> <span class='ocrx_word' id='word_1_426' title='bbox 1923 2376 2008 2409; x_wconf 89' lang='lat' dir='ltr'>l&#39;etri</span> 
     </span>
     <span class='ocr_line' id='line_1_39' title="bbox 122 2436 2011 2484; baseline 0.001 -15"><span class='ocrx_word' id='word_1_427' title='bbox 122 2436 267 2482; x_wconf 85' lang='lat' dir='ltr'>apostoli</span> <span class='ocrx_word' id='word_1_428' title='bbox 296 2439 328 2471; x_wconf 86' lang='lat' dir='ltr'>in</span> <span class='ocrx_word' id='word_1_429' title='bbox 359 2437 506 2483; x_wconf 87' lang='lat' dir='ltr'>capitulo</span> <span class='ocrx_word' id='word_1_430' title='bbox 536 2438 701 2481; x_wconf 67' lang='lat' dir='ltr'>generali.</span> <span class='ocrx_word' id='word_1_431' title='bbox 725 2438 810 2484; x_wconf 83' lang='lat' dir='ltr'>quod</span> <span class='ocrx_word' id='word_1_432' title='bbox 839 2438 1023 2471; x_wconf 85' lang='lat' dir='ltr'>secundum</span> <span class='ocrx_word' id='word_1_433' title='bbox 1056 2438 1273 2484; x_wconf 86' lang='lat' dir='ltr'>approbatam</span> <span class='ocrx_word' id='word_1_434' title='bbox 1297 2438 1574 2471; x_wconf 82' lang='lat' dir='ltr'>cousuetudinem</span> <span class='ocrx_word' id='word_1_435' title='bbox 1607 2437 1752 2470; x_wconf 72' lang='lat' dir='ltr'>ecclesie</span> <span class='ocrx_word' id='word_1_436' title='bbox 1775 2437 2011 2470; x_wconf 76' lang='lat' dir='ltr'>(llomucensis</span> 
     </span>
     <span class='ocr_line' id='line_1_40' title="bbox 124 2498 1014 2544; baseline 0.001 -13"><span class='ocrx_word' id='word_1_437' title='bbox 124 2501 322 2531; x_wconf 83' lang='lat' dir='ltr'>consuetum</span> <span class='ocrx_word' id='word_1_438' title='bbox 353 2502 402 2531; x_wconf 81' lang='lat' dir='ltr'>est</span> <span class='ocrx_word' id='word_1_439' title='bbox 433 2498 612 2544; x_wconf 88' lang='lat' dir='ltr'>capitulum</span> <span class='ocrx_word' id='word_1_440' title='bbox 643 2499 806 2543; x_wconf 65' lang='lat' dir='ltr'>generale</span> <span class='ocrx_word' id='word_1_441' title='bbox 836 2498 1014 2532; x_wconf 82' lang='lat' dir='ltr'>celebrari.</span> 
     </span>
    </p>
   </div>
   <div class='ocr_carea' id='block_1_5' title="bbox 438 2571 1487 2621">
    <p class='ocr_par' dir='ltr' id='par_1_5' title="bbox 438 2571 1487 2621">
     <span class='ocr_line' id='line_1_41' title="bbox 438 2571 1487 2621; baseline 0.001 -11"><span class='ocrx_word' id='word_1_442' title='bbox 438 2587 511 2611; x_wconf 69' lang='lat' dir='ltr'>:Ans</span> <span class='ocrx_word' id='word_1_443' title='bbox 537 2587 599 2612; x_wconf 75' lang='lat' dir='ltr'>(leni</span> <span class='ocrx_word' id='word_1_444' title='bbox 623 2571 720 2612; x_wconf 46' lang='lat' dir='ltr'>&#39;Codex</span> <span class='ocrx_word' id='word_1_445' title='bbox 749 2588 778 2614; x_wconf 72' lang='grc' dir='ltr'>Ε,</span> <span class='ocrx_word' id='word_1_446' title='bbox 807 2589 827 2614; x_wconf 91' lang='lat' dir='ltr'>I.</span> <span class='ocrx_word' id='word_1_447' title='bbox 856 2589 893 2613; x_wconf 64' lang='lat'>&gt;3⁴¹</span> <span class='ocrx_word' id='word_1_448' title='bbox 921 2597 987 2621; x_wconf 50' lang='lat' dir='ltr'>paz-⁷.</span> <span class='ocrx_word' id='word_1_449' title='bbox 1013 2589 1051 2612; x_wconf 70' lang='lat'>:5¹2</span> <span class='ocrx_word' id='word_1_450' title='bbox 1079 2588 1113 2612; x_wconf 82' lang='lat' dir='ltr'>lin</span> <span class='ocrx_word' id='word_1_451' title='bbox 1140 2587 1214 2614; x_wconf 72' lang='lat' dir='ltr'>(tlin.</span> <span class='ocrx_word' id='word_1_452' title='bbox 1240 2588 1311 2621; x_wconf 73' lang='lat' dir='ltr'>Cap.</span> <span class='ocrx_word' id='word_1_453' title='bbox 1339 2588 1487 2615; x_wconf 52' lang='lat' dir='ltr'>Archiv-21</span> 
     </span>
    </p>
   </div>
  </div>
 </body>
</html>
