2347 3153
1272 220 1345 254 310

377 331 579 364 declarandi.
636 331 704 364 Lite
749 334 850 367 igitur
889 340 1001 363 coram
1046 327 1141 361 nobis
1175 329 1360 359 contestata
1399 336 1416 357 a
1457 325 1574 370 quibus
1615 323 1762 370 partibus
1799 324 1840 357 de
1869 327 2011 357 veritate
2040 323 2180 357 dicenda
2212 327 2244 357 et

376 392 562 438 calumpnia
594 392 727 425 vitanda
760 390 946 436 corporalia
978 389 1071 421 solita
1103 391 1248 432 prestata
1272 389 1347 421 {sict
1379 390 1453 419 sunt
1479 388 1682 430 juramenta.
1713 385 1863 430 datisque
1884 396 1944 430 pro
1965 389 2059 430 parte
2080 384 2242 418 dictarum

376 452 544 486 abbatisse
575 457 604 485 et
636 457 822 485 conventus
854 449 1079 496 posicionibus
1109 459 1149 480 ac
1179 447 1327 480 articulis
1355 451 1387 479 et
1408 447 1447 480 ad
1470 458 1528 481 eas
1548 458 1609 493 pro
1639 451 1733 492 parte
1762 446 1924 479 dictorum
1954 445 2111 479 nobilium
2134 447 2242 479 eciam

378 514 473 547 sactis
503 513 789 558 responsionibus.
830 511 988 555 nouuullr
1015 514 1117 543 testes
1156 513 1187 541 et
1226 508 1403 553 privilegia
1440 519 1479 542 ac
1509 508 1730 554 probat-iones
1760 518 1819 553 pro
1849 511 1943 553 parte
1972 506 2133 540 dictarum
2164 517 2243 540 mo-

379 575 511 608 nialium
542 574 581 607 ad
608 574 767 617 judicium
798 577 870 605 sunt
913 573 1082 604 constituti
1113 569 1265 615 producti
1300 571 1427 614 recepti
1458 573 1490 602 et
1519 572 1712 604 examinati.
1742 579 1882 613 quorum
1911 567 2008 601 dictis
2037 571 2070 600 et
2098 571 2243 600 attesta-

379 635 529 669 cionibus
559 634 731 680 publicatis
760 633 845 667 nulla
878 632 1105 677 subsequente
1135 633 1345 676 excepcione
1376 629 1417 662 de
1438 640 1604 663 consensu
1626 632 1774 675 parcium
1795 631 1984 674 petencium
2008 632 2040 661 et
2069 627 2244 662 ferventer

379 700 574 730 instancium
616 700 644 728 iu
683 695 797 727 eadem
837 705 936 727 causa
973 692 1197 726 conclusimus
1228 696 1259 724 et
1289 702 1363 724 cum
1395 694 1476 737 ipsis
1507 690 1681 724 habuimus
1709 701 1769 736 pro
1799 689 1969 723 concluso.
2000 693 2125 722 certam
2156 688 2242 722 diem

379 763 410 791 et
449 760 623 790 terminum
666 757 926 801 peremptorium
965 757 1211 799 competentem
1252 754 1332 797 ipsis
1370 751 1520 797 partibus
1556 762 1616 797 pro
1654 750 1816 784 audienda
1854 753 2026 784 sentencia
2070 748 2244 783 diffinitiva

379 823 573 852 statuentes,
605 828 702 862 quem
735 820 764 850 in
796 816 880 849 diem
922 815 1119 849 hodiernum
1155 814 1312 847 duximus
1342 812 1606 859 prorogandum.
1638 812 1672 845 In
1703 823 1767 857 quo
1797 814 1940 845 termino
1969 811 2064 845 dictis
2094 813 2243 857 parcium

381 878 653 925 procuratoribus
683 889 794 911 coram
826 876 922 910 nobis
954 879 983 909 iu
1007 875 1112 920 sigui-a
1132 874 1246 919 judicii
1269 873 1542 920 comparentibus
1563 878 1595 907 et
1615 876 1820 907 sentenciam
1842 872 2050 906 diffinitivam
2072 871 2246 906 ferventer

381 943 458 974 l'erri
490 946 518 973 et
551 940 654 973 audiri
684 937 938 984 postulantibus.
970 949 1031 971 nos
1060 936 1233 969 Johannes
1258 935 1367 979 judex
1396 940 1428 968 et
1457 934 1610 968 officialis
1639 934 1847 980 supradictus
1875 936 1958 967 visis
1996 938 2027 967 et
2066 932 2246 978 diligenter

381 1005 537 1047 inspectis
581 1002 667 1033 dicte
710 1011 810 1033 cause
849 1001 978 1032 meritis
1022 1003 1052 1030 et
1092 998 1358 1031 circumstanciis
1395 1007 1434 1028 ac
1473 1006 1557 1040 equa
1587 995 1682 1028 lance
1708 996 1841 1039 justicie
1870 994 2041 1036 discussis,
2071 991 2245 1039 prehabita

381 1062 556 1096 sufficienti
587 1060 836 1094 deliberacione
866 1071 940 1093 cum
966 1061 1052 1103 juris
1082 1061 1196 1104 peritis
1226 1063 1256 1090 et
1288 1057 1329 1090 (le
1359 1060 1507 1102 ipsorum
1538 1057 1679 1090 consilio
1708 1060 1855 1090 nostram
1887 1057 2092 1089 sentenciam
2123 1053 2245 1088 huius-

382 1123 468 1157 modi
508 1122 714 1155 diflimuvam
745 1121 876 1155 tulimus
909 1126 938 1153 et
970 1120 1259 1166 promulgavimus
1289 1130 1350 1165 per
1373 1121 1483 1152 omnia
1506 1121 1536 1151 in
1559 1118 1621 1151 bec
1641 1117 1764 1151 verba:
1796 1116 1894 1150 Cristi
1924 1119 2058 1150 nomine
2088 1119 2246 1150 invocato

380 1196 438 1230 pro
476 1183 627 1217 tribunali
666 1183 823 1216 sedentes
863 1187 892 1214 et
934 1181 1096 1215 babentes
1135 1192 1194 1226 pre
1233 1180 1340 1213 oeulis
1376 1179 1482 1213 solum
1519 1179 1617 1212 deum
1657 1178 1830 1224 perhanc
1858 1182 2006 1212 nostram
2036 1175 2245 1211 diffinitivam

380 1248 598 1279 sentenciam.
629 1255 725 1289 quam
750 1244 886 1277 ferimus
910 1245 939 1276 in
963 1242 1023 1276 biis
1045 1244 1176 1287 scriptis
1206 1243 1467 1286 pronunciamus
1497 1240 1709 1274 decernimus
1739 1244 1770 1273 et
1791 1239 2014 1273 declaramus.
2044 1237 2246 1271 abbatissam

380 1312 409 1339 et
440 1310 641 1339 conventum
673 1307 867 1338 monasterii
889 1307 994 1337 sancti
1016 1302 1134 1336 Jacobi
1163 1305 1193 1335 in
1225 1301 1381 1347 preurbio
1404 1302 1620 1335 ()loiuucensi
1649 1301 1734 1347 apud
1757 1300 1899 1334 nobilem
1921 1300 2087 1333 dominum
2110 1298 2245 1332 Paulum

381 1367 465 1400 boue
495 1369 657 1401 memorie
688 1365 728 1400 de
759 1365 944 1399 Bassouicz
976 1368 1005 1397 iu
1029 1364 1129 1409 opido
1151 1374 1211 1396 suo
1232 1362 1407 1396 Bredlcins
1438 1373 1498 1408 pro
1520 1365 1759 1407 quinquaginta
1789 1366 1865 1395 octo
1895 1364 2017 1395 marcis
2045 1369 2245 1405 grossorum

380 1440 440 1462 sex
471 1440 601 1461 marcas
631 1438 826 1472 grossorum
858 1429 956 1460 auuui
988 1437 1109 1459 census
1140 1428 1247 1458 minus
1283 1435 1348 1457 uno
1379 1424 1510 1457 fertone
1540 1426 1602 1456 rite
1631 1428 1662 1456 et
1691 1422 1939 1456 racionabiliter
1967 1431 2186 1467 comparasse
2215 1424 2248 1454 et

380 1492 502 1522 emisse
541 1494 570 1521 et
612 1500 671 1534 pro
711 1488 896 1521 huiusmodi
939 1498 1040 1520 ceusu
1080 1485 1220 1525 singulis
1259 1487 1354 1518 anuis
1384 1487 1607 1518 anniversarii
1638 1484 1723 1517 diem
1755 1483 1988 1528 Canathowey
2019 1487 2051 1516 et
2079 1481 2246 1527 Krzystce

382 1554 566 1595 peregisse.
607 1550 738 1583 demum
778 1548 922 1582 nobilem
963 1548 1131 1581 «lominum
1165 1546 1390 1580 t'awttconein
1431 1546 1472 1579 de
1502 1544 1713 1589 Ewlenburg
1742 1549 1816 1590 post
1845 1549 1984 1578 mortem
2015 1543 2090 1577 dicti
2121 1543 2246 1576 domini

383 1611 470 1644 Pauli
501 1623 537 1644 se
576 1611 616 1644 de
655 1611 742 1644 (licto
781 1610 879 1655 opido
913 1609 1085 1642 Bretlleius
1126 1610 1348 1641 intromisisse
1388 1612 1417 1639 et
1450 1607 1633 1652 predictum
1664 1617 1800 1639 censum
1830 1617 1891 1639 sex
1922 1615 2110 1638 marcarum
2141 1606 2249 1638 minus

383 1684 445 1705 uuo
476 1672 605 1705 fertone
635 1672 672 1705 ad
706 1671 788 1705 bona
829 1683 886 1704 sua
927 1671 965 1703 ud
1007 1674 1153 1703 castrum
1187 1668 1396 1711 Ewleuburg
1431 1671 1623 1713 spect-‘incia
1654 1667 1871 1701 transtulisse.
1903 1678 1942 1699 ac
1971 1666 2010 1699 ad
2041 1665 2247 1699 solucionem

381 1734 455 1766 ‹lit-ti
487 1744 607 1766 cousus
637 1744 672 1766 se
703 1733 786 1766 lilios
817 1737 845 1765 et
879 1731 1022 1765 lieretles
1054 1742 1113 1776 per
1134 1735 1224 1763 certa
1248 1729 1423 1775 privilegia
1454 1728 1624 1768 obligasse
1655 1733 1685 1761 et
1715 1728 1850 1761 solvere
1879 1729 2086 1773 promisisse.
2116 1735 2247 1760 necnon

383 1806 517 1827 censum
550 1794 734 1827 huiusmodi
767 1797 795 1826 iu
827 1796 929 1826 certis
962 1792 1055 1825 bonis
1087 1803 1144 1825 seu
1178 1791 1266 1824 villis
1297 1793 1422 1824 civitati
1454 1789 1670 1823 Olouiuceusi
1699 1787 1926 1822 adiacentibus
1955 1799 2015 1833 pro
2045 1787 2142 1821 dictis
2170 1789 2248 1820 vir-

381 1855 512 1891 mnibus
551 1855 716 1888 abbatissa
756 1860 785 1887 et
826 1859 996 1888 conventu
1037 1865 1151 1886 emere
1191 1857 1222 1885 et
1261 1862 1460 1896 comparare
1500 1850 1583 1883 bona
1624 1850 1686 1883 title
1722 1849 1942 1895 spopondisse
1972 1860 2009 1882 ac
2040 1851 2248 1894 promisisse,

383 1917 552 1961 dictasque
584 1919 732 1959 virgines
763 1919 792 1949 iu
824 1918 1040 1961 possessione
1071 1914 1147 1947 tlicti
1183 1924 1305 1946 census
1327 1912 1465 1958 pacifice
1488 1911 1691 1957 percipiendi
1715 1911 1826 1949 l'uisse,
1859 1910 2074 1956 presalosque
2095 1910 2249 1943 dominos

382 1977 591 2010 jesseouem.
632 1976 855 2009 l’awliconeui
898 1980 1099 2020 ceterosque
1140 1974 1223 2007 lilios·
1259 1974 1335 2006 dicti
1373 1973 1496 2007 domini
1537 1972 1735 2006 l’awliconis
1774 1972 1814 2004 de
1844 1970 2052 2016 Ewlenburg
2091 1970 2248 2004 inbonis

385 2041 528 2083 paternis
567 2041 785 2070 successisse.
831 2037 1044 2081 pri-latosque
1082 2035 1293 2069 lessi-onem.
1339 2034 1564 2067 l'awliconeui
1604 2038 1635 2066 et
1672 2037 1804 2066 ceteros
1842 2032 1926 2065 lilios
1965 2036 1994 2065 el
2035 2031 2180 2065 heredes
2209 2030 2249 2064 ad

383 2099 524 2130 ilautlum
564 2103 593 2129 et
633 2098 830 2131 solvendum
873 2098 1058 2131 huiusmodi
1098 2108 1158 2129 sex
1200 2107 1387 2129 marearum
1426 2098 1533 2128 minus
1564 2106 1628 2127 uno
1658 2094 1788 2127 fertone
1817 2093 1957 2133 sine-ulis
1987 2095 2081 2127 annis
2111 2092 2250 2138 prefatis

384 2159 549 2192 abbatisse
580 2164 608 2190 et
641 2163 820 2192 csmveutui
851 2170 889 2192 ac
915 2158 1102 2191 liuiusmotli
1126 2169 1262 2191 censum
1295 2160 1325 2190 iu
1359 2157 1443 2190 villis
1473 2159 1597 2189 civitati
1629 2155 1843 2188 tllouiuecnsi
1873 2153 2101 2188 adiacentibus
2122 2164 2246 2187 einen-

384 2222 457 2252 ‹luiu
496 2226 523 2251 et
565 2220 823 2265 comparantlum
863 2232 901 2252 ae
942 2223 1046 2252 eciam
1088 2230 1224 2251 censum
1265 2222 1428 2251 retentum
1470 2217 1740 2261 reintegrandum
1780 2227 1818 2249 ae
1849 2218 2007 2262 expensis
2041 2216 2105 2249 litis
2133 2225 2248 2249 coram

387 2282 479 2314 uobis
511 2282 603 2314 laetis
635 2282 706 2314 l'ore
737 2287 765 2314 et
798 2293 873 2314 esse
904 2280 1218 2325 eomlempmiutlum
1250 2284 1279 2311 et
1303 2279 1600 2324 condempuamus.
1630 2289 1767 2322 (piarum
1790 2288 2014 2323 expensarum
2036 2278 2249 2310 taxacionem

386 2342 479 2374 uobis
517 2354 544 2374 iu
588 2347 754 2387 posterum
797 2353 1026 2375 reservamus.
1088 2341 1163 2374 Lata
1204 2345 1233 2372 et
1274 2341 1357 2373 lecta
1389 2345 1437 2373 est
1469 2340 1530 2373 liet·
1561 2350 1700 2385 presens
1730 2344 1842 2372 nostra
1872 2341 2042 2372 sentencia
2073 2336 2249 2371 diffinitiva

385 2403 444 2436 ⁴sul·
475 2415 560 2435 anuo
591 2416 606 2434 a
639 2407 809 2437 nativitate
841 2404 962 2436 domiui
996 2402 1172 2435 millesimo
1193 2402 1526 2446 quatlringentesimo
1557 2405 1685 2445 quarto.
1717 2400 1768 2433 ilie
1799 2402 1959 2433 vicesima
1990 2401 2092 2432 tercia
2124 2399 2250 2431 niensis

385 2464 530 2496 Jauuaru
571 2468 599 2497 iu
637 2468 836 2498 consistorio
878 2469 1004 2497 nostro.
1046 2463 1126 2496 liora
1169 2474 1329 2495 nouarum
1371 2461 1582 2507 presentibus
1622 2460 1869 2494 lumorubilibus
1908 2465 1937 2494 et
1978 2460 2132 2493 ‹liscrctis
2169 2460 2251 2492 viris

386 2526 526 2558 ‹louuuis
559 2526 632 2557 vito
664 2527 702 2557 ‹le
736 2526 912 2570 l1‹›iiipiti‹·z
945 2529 1105 2570 perpetuo
1138 2527 1264 2556 vicario
1295 2523 1440 2556 ecclesie
1462 2523 1707 2556 otonuiceusis.
1741 2521 1912 2554 llotlieone
1933 2520 2074 2566 plebano
2105 2519 2251 2553 ecclesie

387 2586 586 2631 paroehialis·
627 2598 654 2618 iu
697 2587 872 2631 llyebnow
912 2587 1144 2619 tlloiuueeusis
1181 2585 1336 2619 diocesis,
1383 2587 1552 2625 magistris
1590 2582 1758 2616 Jaxssoue
1802 2582 1842 2615 (le
1880 2582 2036 2615 Mclnico.
2081 2580 2179 2614 Petro
2209 2579 2251 2613 dc

387 2647 594 2681 Morkoxxivz
625 2654 651 2679 et
686 2647 781 2680 Petro
812 2647 852 2680 tle
884 2648 969 2680 Saez
1002 2644 1275 2692 prot-uratoribus
1297 2657 1335 2677 ae
1357 2644 1511 2678 ,Iohanne
1543 2643 1696 2687 l'ustutyr
1717 2648 1746 2675 et
1769 2643 1974 2676 wenceslao
2005 2642 2045 2674 de
2075 2640 2249 2674 Kozussan

388 2711 523 2740 notariis
555 2708 629 2740 ‹ta-u
661 2711 848 2741 consistorii
880 2709 1124 2741 olonna-ensis.

710 2780 785 2806 ‘lii-J.
817 2780 895 2805 l'eoe.
925 2779 938 2802 li
977 2779 1034 2804 δίς,
1063 2778 1236 2806 :il·v„⁷·-i·i=sc·ii,
1264 2778 1297 2801 iiii
1325 2777 1396 2803 (lliii,
1424 2777 1494 2809 (Tap.
1523 2775 1671 2808 Areliix'ffi)
