2347 3153
1313 208 1361 241 64

409 329 627 363 quoscunque
657 317 738 350 alios
769 317 863 349 dictis
895 314 1056 348 mandatis
1086 316 1208 347 nostris
1238 315 1303 346 imo
1333 315 1448 346 verius
1469 313 1660 359 apostolicis
1690 311 1921 346 inobedientes
1950 311 2216 346 contradictores
2236 315 2270 345 et

409 383 457 413 eis
487 390 551 412 non
583 383 749 424 parentes.
780 388 837 410 sen
868 381 982 409 contra
1014 386 1052 407 ea
1083 379 1113 407 et
1144 385 1260 407 eorum
1298 374 1428 418 aliquod
1468 373 1641 407 consilium
1681 372 1839 406 auxilium
1879 372 1933 405 vel
1964 372 2116 406 favorem
2145 383 2207 418 pei·
2234 382 2272 406 se

408 440 462 473 vel
492 439 589 472 alium
620 450 678 471 seu
709 438 790 470 alios
822 440 1007 482 prestantes
1029 445 1227 480 quacunque
1248 437 1446 468 auctoritate
1467 437 1533 468 imo
1555 436 1670 467 verius
1691 435 1890 475 temeritate,
1917 435 2145 478 cuiuscunque
2165 436 2270 467 status

406 500 530 545 gradus
561 500 684 532 ordinis
715 499 963 544 preeminencie
993 496 1046 530 vel
1085 495 1292 529 condicionis
1329 498 1486 529 existant.
1525 506 1585 540 pei·
1622 497 1831 527 invasionem
1871 492 2035 527 bonorum
2073 504 2210 528 suorum
2238 497 2272 527 et

408 559 580 594 cuiuslibet
611 563 769 605 ipsorum.
800 561 904 591 eciam
944 560 1088 590 omnium
1127 561 1157 590 et
1194 556 1400 600 singulorum
1440 554 1608 588 mobilium
1650 559 1679 587 et
1717 553 1931 587 immobilium
1962 554 2268 588 ecelesiasticorum

408 626 438 654 et
469 621 720 654 mundamrum.
761 618 947 662 ubicunque
990 621 1212 663 repertorum.
1243 619 1438 662 capcionem
1477 617 1787 660 sequestracionem
1831 625 1888 648 seu
1930 617 2193 649 arrestacionem
2235 618 2268 649 et

407 693 639 726 quamcunque
682 680 777 712 aliam
822 682 1052 723 inoportunam
1097 680 1358 723 occupacionem
1407 681 1437 709 et
1485 678 1717 710 detenciouem
1765 678 1963 709 auctoritate
2009 675 2193 721 apostolica
2234 679 2268 709 et

408 745 558 788 potencia
590 740 714 774 brachii
745 739 906 773 secularis
936 737 1127 784 procedatis
1157 742 1187 771 et
1218 738 1388 783 procedat.
1418 737 1504 770 bona
1535 748 1667 782 quoque.
1697 741 1729 770 et
1757 747 1812 770 res
1842 736 2004 770 dictorum
2026 738 2266 770 excommuni-

406 808 554 835 catorum
587 813 645 847 per
674 811 735 834 νος
765 803 824 841 sic,
855 804 889 832 ut
919 801 1128 845 premittitur.
1158 803 1253 843 capta
1284 802 1446 843 occupata
1482 802 1690 843 sequestrata
1731 802 1894 831 arrestata
1923 802 1956 831 et
1984 801 2113 831 retenta
2139 796 2266 843 absque

406 863 465 896 ulla
498 864 733 895 diminucione.
765 865 886 905 quanto
917 862 1020 893 cicius
1042 861 1202 905 poteritis.
1227 858 1363 904 prefatis
1384 858 1551 892 abbatisse
1572 863 1602 892 et
1624 861 1804 892 conventui
1825 861 2005 904 assignetis
2025 858 2109 893 detis
2130 858 2266 893 tradatis

403 926 568 967 assignari
608 927 638 955 et
679 922 760 955 tradi
799 922 940 955 faciatis.
998 920 1093 962 Quod
1132 923 1158 953 si
1198 930 1260 953 vos
1299 919 1432 953 domine
1463 930 1522 953 rex
1553 923 1585 953 et
1615 922 1770 965 princeps
1799 919 2006 953 inclitissime
2034 921 2121 953 inter
2148 929 2267 953 omnes

402 984 571 1017 seculares
609 986 774 1028 principes
813 981 1009 1027 magnificus
1047 986 1077 1014 et
1117 985 1281 1015 executor
1315 981 1449 1023 justicie
1488 983 1653 1026 presentis
1689 982 1794 1013 nostri
1830 990 2009 1025 processus
2047 984 2079 1013 et
2121 979 2265 1014 mandati

403 1048 505 1078 nostri
546 1047 610 1077 imo
649 1047 762 1077 verius
800 1043 974 1089 apostolici
1014 1047 1246 1087 transgressor
1285 1041 1512 1074 contradictor
1550 1041 1602 1074 vel
1642 1040 1816 1085 neglector
1852 1039 1992 1082 fueritis,
2031 1040 2116 1085 quod
2154 1044 2264 1075 tamen

404 1110 518 1138 vestre
547 1107 716 1138 serenitati
748 1103 933 1149 prefulgida
961 1105 1028 1147 jam
1059 1103 1178 1136 dudum
1212 1114 1270 1148 pei·
1300 1107 1400 1135 totum
1431 1101 1546 1135 orbem
1577 1101 1746 1147 divulgata
1781 1101 1977 1135 obediencia
2006 1104 2170 1148 suspicari
2198 1112 2265 1136 non

403 1168 489 1198 sinit.
522 1166 635 1211 procul
666 1164 764 1198 dubio
794 1167 899 1198 eciam
925 1165 1005 1207 justi
1031 1163 1154 1208 judicis
1185 1163 1340 1196 iudicium
1379 1163 1552 1196 oll'endetis
1590 1168 1622 1196 et
1658 1166 1819 1208 premium
1849 1163 1930 1196 alias
1959 1162 2056 1197 vobis
2084 1173 2145 1209 pro
2174 1173 2265 1196 exe-

402 1229 541 1259 cucione
572 1225 757 1259 huiusmodi
783 1227 917 1270 justicie
948 1229 1159 1271 preparatum
1191 1224 1404 1257 nihilominus
1435 1227 1603 1257 amittetis.
1648 1223 1719 1257 Vos
1748 1228 1856 1257 autem
1887 1226 2138 1258 serenissimum
2168 1226 2266 1270 prin-

401 1290 507 1332 cipem
534 1288 602 1330 jam
635 1289 898 1332 prenominatum
930 1285 1117 1319 huiusmodi
1147 1288 1328 1318 sentenciis
1359 1285 1454 1330 ligari
1485 1285 1649 1321 notunms,
1679 1284 1776 1318 vobis
1805 1284 1847 1318 ob
1878 1287 2084 1318 maiestatem
2114 1288 2262 1319 vestram

402 1350 517 1380 merito
547 1346 751 1380 deserentes.
783 1349 898 1380 intuitu
929 1351 1038 1379 tamen
1064 1347 1198 1389 justicie
1227 1345 1269 1378 ol)
1299 1345 1388 1379 sedis
1417 1345 1601 1391 apostolice
1622 1347 1855 1379 reverenciam
1877 1349 2024 1378 vestram
2045 1348 2261 1379 serenitatem

399 1408 437 1440 ad
471 1408 629 1453 prefatam
655 1409 790 1451 justicie
819 1407 992 1441 efficacem
1023 1410 1277 1440 execueioiwm.
1308 1411 1402 1451 prout
1433 1407 1472 1439 ad
1505 1411 1654 1440 vestrum
1684 1405 1815 1439 culmen
1836 1408 2086 1440 serenissimum
2106 1408 2261 1452 pertinet,

400 1470 429 1501 in
461 1468 592 1501 domino
614 1468 844 1501 exhortamur.
874 1467 999 1501 verum
1021 1471 1046 1501 si
1068 1478 1129 1500 vos
1150 1467 1202 1500 alii
1225 1468 1404 1501 reverendi
1435 1472 1547 1513 patres
1576 1467 1820 1513 archiepiscopi
1842 1471 1873 1500 et
1893 1469 2043 1512 episcopi
2064 1470 2097 1500 et
2123 1469 2263 1512 specia-

402 1529 475 1562 liter
506 1540 566 1562 νινε
597 1529 785 1562 reverende
817 1533 910 1574 pater
940 1529 1071 1561 domine
1102 1531 1259 1574 episcope
1299 1528 1532 1562 fflonumonsts
1569 1528 1623 1562 vel
1662 1528 1761 1573 aliqui
1799 1539 1858 1562 seu
1897 1525 2014 1573 aliquis
2049 1531 2198 1562 vestrum
2227 1529 2260 1562 in

401 1593 544 1635 presenti
575 1593 718 1633 negocio
749 1600 928 1635 processus
959 1589 1145 1622 huiusmodi
1177 1594 1448 1633 transgressores
1478 1589 1743 1623 contradictores
1773 1600 1830 1622 seu
1862 1600 1926 1622 non
1957 1588 2104 1623 factores
2133 1588 2262 1623 fueritis

401 1650 452 1683 vel
484 1650 602 1683 fuerint
633 1656 685 1683 ant
716 1651 812 1684 t'nerit
845 1654 997 1696 repertus
1037 1651 1088 1683 vel
1129 1653 1264 1695 reperti.
1304 1655 1398 1695 prout
1438 1661 1499 1683 vos
1528 1654 1560 1683 et
1588 1654 1736 1683 vestrum
1768 1649 1949 1695 quemlibet.
1979 1660 2119 1696 presens
2146 1654 2263 1684 noster

403 1722 581 1756 processus
611 1714 781 1744 concernit
813 1715 842 1744 et
873 1722 1082 1744 concernere
1113 1713 1244 1756 poterit.
1268 1713 1358 1744 iuxta
1384 1713 1641 1755 rcquisicionem
1672 1710 1833 1744 dictarum
1857 1736 1863 1742 .
1887 1737 1893 1743 .
1915 1710 2083 1745 abbatisse
2111 1714 2144 1745 et
2172 1721 2261 1745 con-

401 1776 518 1804 ventus
548 1783 605 1805 sen
638 1775 863 1817 pmcuratoris
893 1772 1072 1805 earundem
1105 1772 1157 1804 vel
1188 1776 1303 1805 contra
1341 1775 1446 1817 ipsum
1485 1771 1537 1805 vel
1576 1774 1647 1804 eius
1684 1776 1833 1805 tenorem
1873 1771 2003 1817 publice
2032 1771 2087 1806 vel
2116 1770 2257 1807 occulte.

397 1832 522 1865 directe
553 1833 603 1865 xel
636 1833 797 1866 indirecte
827 1833 946 1878 aliquid
978 1836 1225 1878 attemptaverit
1255 1833 1307 1866 vel
1337 1832 1454 1878 aliquis
1484 1837 1634 1865 vestrum
1664 1835 1910 1878 attemptaverit
1946 1843 2006 1878 pcr
2039 1843 2113 1867 vos.
2160 1832 2259 1867 ulium

397 1904 454 1925 seu
485 1894 580 1926 alios.
611 1899 732 1927 extunc
764 1893 858 1927 vobis
888 1893 929 1926 ol)
969 1892 1203 1938 pontificalium
1245 1893 1438 1937 dignitatum
1478 1895 1693 1926 reverencias
1733 1895 1850 1926 merito
1880 1892 2073 1927 deferentes
2102 1892 2199 1928 vobis
2227 1897 2260 1927 et

398 1958 543 1986 sesti-uin
575 1954 706 1987 cuilibet
739 1957 976 2000 premissorum
1007 1956 1037 1986 in
1068 1952 1297 1986 obedienciam
1337 1953 1431 1986 dictis
1461 1956 1584 1987 nostris
1614 1954 1775 1987 mandatis
1814 1956 1878 1987 imo
1916 1956 2030 1988 verius
2068 1953 2260 2000 apostolicis

397 2025 458 2046 non
482 2018 684 2059 parem-ium.
707 2016 791 2048 dieta
813 2026 873 2048 sex
896 2014 1023 2047 dierum
1046 2025 1205 2047 canoniea
1230 2017 1416 2047 municione
1438 2017 1612 2059 premissa.
1643 2025 1776 2048 exnunc
1807 2019 1900 2060 prout
1931 2018 2054 2048 extunc
2083 2019 2115 2048 ct
2135 2018 2258 2048 extunc

396 2079 487 2118 prout
506 2086 638 2108 exnnne
656 2078 842 2112 ingressum
860 2075 1003 2108 ecclesie
1021 2075 1245 2107 niter-licinius
1263 2078 1293 2108 in
1311 2075 1373 2108 liiis
1389 2078 1532 2120 scriptis.
1564 2074 1601 2108 Et
1619 2078 1645 2108 si
1664 2074 1850 2108 huiusmodi
1868 2075 2076 2109 interdictum
2097 2086 2157 2121 per
2176 2074 2260 2109 alios

396 2147 453 2167 sex
498 2137 579 2169 dies.
625 2136 772 2181 prefatos
807 2148 867 2169 sex
908 2136 1096 2169 immediate
1132 2140 1320 2180 sequentes.
1361 2138 1582 2169 sustinueritis
1621 2135 1673 2168 vel
1712 2135 1829 2180 aliquis
1866 2140 2014 2169 vestrum
2052 2137 2258 2174 sustinuerit,

397 2195 479 2227 diem
511 2200 669 2229 eanoniea
702 2200 890 2230 monicione
920 2199 1080 2242 premissa
1113 2208 1172 2228 vos
1204 2201 1231 2227 et
1266 2201 1412 2229 vestrum
1443 2195 1621 2241 ‹pn-inlibet
1654 2195 1885 2229 iuolwdieutes
1924 2195 1976 2229 vel
2008 2195 2254 2230 inobedientem

396 2267 525 2288 exnune
557 2262 647 2301 prout
680 2262 802 2290 extunc
832 2263 861 2290 et
893 2262 1015 2290 extum·
1045 2262 1138 2302 prout
1170 2268 1302 2290 exnunc
1335 2259 1363 2289 iu
1395 2256 1455 2290 liiis
1485 2259 1617 2302 scriptis
1646 2256 1879 2302 suspendimus
1909 2268 1926 2289 a
1956 2256 2088 2290 divinis.
2129 2255 2253 2289 Verum

395 2329 418 2347 si
452 2319 593 2360 prelatas
626 2320 786 2351 intel-dieti
818 2324 846 2350 et
878 2321 1106 2364 suspensionis
1136 2321 1325 2350 sentencias
1348 2329 1406 2363 per
1434 2318 1516 2350 alios
1545 2329 1605 2350 sex
1636 2317 1717 2350 dies.
1750 2317 1896 2362 prefatos
1926 2316 2100 2351 duodecim
2131 2319 2255 2351 imme-

395 2377 479 2407 diate
512 2384 698 2420 sequente-s.
730 2382 954 2412 sustinueritis
984 2379 1036 2412 vel
1068 2381 1280 2411 sustituit-rint
1313 2390 1370 2410 seu
1397 2381 1589 2411 sustinuerit
1608 2381 1717 2411 animo
1740 2378 1792 2410 vet
1813 2380 1931 2411 animis
1952 2379 2082 2423 penitus
2101 2377 2255 2412 indurato

397 2438 445 2467 x=l
479 2439 644 2471 uelut-alis.
678 2440 761 2483 qnod
794 2440 888 2473 absit.
920 2441 1006 2472 dicto
1036 2442 1196 2472 eanmiiea
1229 2441 1416 2472 uwnieioue
1455 2443 1616 2484 premissa
1657 2442 1686 2472 in
1727 2450 1787 2471 vos
1823 2443 1851 2471 et
1894 2443 2039 2472 vestram
2075 2436 2257 2483 quemlihet

393 2502 420 2526 et
453 2509 665 2543 quo-euinque
697 2501 778 2532 alio,-
809 2503 962 2545 superius
1003 2502 1189 2533 nmninatos
1226 2499 1433 2535 generaliter
1471 2504 1499 2531 et
1541 2500 1732 2545 specialiter
1771 2498 2001 2532 inolwdieutes
2041 2497 2094 2532 vet
2132 2495 2255 2532 inobe-

392 2557 532 2588 dientem
552 2574 556 2584 ι
578 2564 913 2594 xe·un:nuntium-ionis
930 2563 1135 2594 sentenciam
1155 2563 1183 2592 iu
1203 2560 1263 2592 iniis
1280 2563 1412 2605 scriptis
1429 2571 1561 2593 exnunc
1579 2564 1672 2605 prout
1691 2564 1814 2593 extunc
1836 2564 1864 2592 et
1879 2564 2001 2592 extunc
2014 2562 2255 2605 proutexnunc

394 2617 527 2649 serimus—
544 2625 569 2646 ν’
590 2635 594 2647 ι
611 2622 966 2664 emm,›=·‹‚==.··1«„1=m·ns.
985 2620 1140 2654 Ceterum
1159 2632 1231 2653 cuin
1249 2620 1287 2652 ad
1306 2623 1548 2654 neem-ionem
1567 2620 1751 2653 huiusmodi
1770 2620 1912 2653 uuiudati
1929 2618 2101 2665 apostolici
2118 2618 2255 2653 ulterius

394 2677 577 2709 laen-ndum
611 2692 809 2723 ιιιιιιιιιιιιιιικ
844 2681 1064 2726 personaliter
1094 2684 1267 2714 interesse.
1301 2684 1467 2713 nuixersis
1507 2685 1535 2712 et
1568 2681 1707 2717 snm-ntis
1745 2681 1886 2714 dominis
1929 2679 2192 2725 archiepiscopis
2221 2681 2254 2712 et
