2347 3153
1271 230 1339 263 135

376 337 472 367 cione
503 333 687 366 huiusmodi
719 332 801 365 infra
831 336 924 365 cuius
955 336 1204 378 prosecucionis
1235 339 1375 379 tempus.
1407 333 1446 365 dc
1476 344 1539 377 quo
1569 344 1633 365 non
1665 332 1828 365 modicum
1859 337 2035 378 supererat
2064 335 2125 378 ipsi
2146 343 2232 378 prc-

376 398 501 439 positus
531 398 559 425 et
591 393 768 438 capitulum
797 393 982 427 existebant
1009 398 1196 439 contempta
1218 394 1353 428 cosdem
1378 396 1581 439 prepositum
1616 398 1647 426 et
1668 392 1844 438 capitulum
1867 396 2048 426 canonicos
2068 403 2232 438 personas

377 459 404 487 et
436 454 637 487 adherentes
667 464 769 499 penas
799 459 831 487 et
858 457 1047 487 sentencias
1077 457 1108 487 in
1138 454 1232 487 dictis
1261 454 1475 500 processibus
1495 458 1669 487 contentas
1692 464 1752 498 per
1771 464 1864 487 suam
1887 457 2091 487 sentenciam
2113 453 2234 487 decla-

376 520 510 547 raverat
542 514 709 550 incidisse.
739 526 778 548 ac
807 526 866 549 eos
895 519 925 547 ut
957 515 1037 548 tales
1068 514 1282 548 mandaverat
1314 514 1444 560 publice
1472 516 1620 547 nunciari
1651 518 1681 547 et
1703 513 1937 547 nichilomimis
1958 517 2064 547 sancti
2086 513 2174 547 Petri
2204 518 2237 547 et

376 579 479 608 sancti
509 575 625 609 Jacobi
655 575 816 609 ecclesias
845 575 1011 621 predictas
1042 576 1272 609 ecclesiastico
1301 578 1521 620 supposuerat
1550 573 1738 610 interdicto,
1773 574 1971 619 prefatoque
2000 573 2168 608 abbatissa
2203 578 2234 608 et

375 641 562 669 conventus
591 636 726 670 eosdem
756 639 958 682 prepositum
989 642 1018 669 ct
1050 636 1226 681 capitulum
1257 636 1341 669 dicta
1377 634 1607 680 appellacione
1645 637 1692 668 sic
1727 634 1894 680 pendente
1933 635 2050 668 eadem
2088 636 2232 669 ecclesia

376 700 480 730 sancti
508 696 624 730 Jaeobi
654 701 684 730 et
715 700 785 730 eius
816 699 1028 742 possessione
1058 697 1221 730 violenter
1250 701 1280 729 et
1311 696 1350 728 de
1381 695 1468 729 facto
1498 695 1726 741 spoliaverant
1757 699 1874 729 innon
1897 696 2061 729 modicum
2084 698 2231 742 ipsorum

375 760 534 803 prepositi
565 762 595 790 et
624 757 756 802 capituli
786 758 999 802 preiudieiuin
1032 762 1060 790 et
1091 768 1293 794 gravamen:
1333 767 1394 789 nos
1423 755 1531 789 abbati
1562 759 1753 789 monasterii
1783 755 2117 791 Zawordewicensis
2147 756 2232 790 dicte

376 818 519 851 diocesis
558 821 628 851 eius
667 821 800 863 proprio
836 821 968 851 nomine
1006 829 1070 851 non
1101 828 1276 863 expresso,
1307 822 1337 850 et
1367 816 1495 850 duobus
1524 817 1595 850 aliis
1626 819 1697 860 ejus
1727 820 1758 850 in
1789 817 1851 850 hac
1881 822 1974 862 parte
2003 817 2143 862 collegis
2173 829 2232 864 per

378 883 508 911 nostras
544 878 655 911 literas
694 878 933 912 mandavimus.
974 883 1004 911 ut
1044 881 1102 923 ipsi
1142 878 1195 911 vel
1232 878 1296 911 dtio
1335 883 1389 911 aut
1426 889 1509 911 unus
1545 889 1659 911 eorum
1691 889 1750 923 per
1779 889 1815 911 se
1845 878 1899 911 vel
1932 878 2029 912 alium
2059 889 2119 912 scu
2149 879 2232 912 alios

377 950 477 983 super
512 941 682 984 premissis
718 942 896 972 summarie
934 939 1128 984 simpliciter
1166 943 1195 971 et
1235 939 1275 972 de
1314 939 1413 984 plano
1449 950 1487 972 ac
1525 942 1596 972 sine
1625 941 1763 984 strepitu
1800 943 1831 972 et
1871 938 1976 977 timu-a
2002 938 2131 983 judicii«
2162 939 2232 973 sota

377 999 451 1032 facti
483 1002 624 1032 veritate
654 1003 813 1044 inspecta,
844 1003 1040 1032 auctoritate
1071 1005 1182 1049 nostra
1212 1011 1248 1033 se
1279 1000 1494 1033 informarent
1531 1004 1562 1033 et
1593 1001 1619 1032 si
1649 1010 1708 1044 per
1738 1000 2015 1033 informacionem
2047 999 2233 1034 huiusmodi

376 1060 636 1105 appellacionem
669 1060 852 1093 huiusmodi
885 1061 966 1093 inl'ra
998 1060 1138 1093 eundem
1169 1063 1345 1094 terminum
1377 1063 1602 1106 interpositam
1633 1065 1662 1093 ct
1694 1063 1855 1106 premissa
1877 1065 1950 1106 post
1970 1060 2233 1106 appellacionem

376 1120 515 1153 eandem
547 1132 604 1166 per
633 1121 796 1165 prel'atum
826 1120 977 1153 abbatem
1009 1125 1198 1166 attemptata
1230 1122 1332 1154 l'uisse
1357 1124 1576 1167 repperirent.
1603 1126 1634 1154 ut
1657 1121 1835 1167 prefertur.
1858 1121 2006 1166 prefatos
2027 1124 2232 1167 prepositum

377 1184 556 1214 canonicos
586 1186 616 1214 et
646 1182 822 1227 capitulum
853 1193 890 1214 ac
921 1192 1082 1226 personas
1112 1184 1159 1214 eis
1188 1181 1389 1215 adherentes
1428 1181 1614 1216 huiusmodi
1652 1185 1842 1215 sentencias
1880 1187 1911 1215 et
1944 1193 2047 1228 penas
2076 1185 2107 1215 in
2137 1182 2233 1215 dictis

376 1241 590 1287 processibus
620 1247 791 1275 contentas
822 1247 850 1275 et
883 1254 1064 1286 expressas
1095 1247 1149 1275 aut
1182 1254 1294 1276 earum
1325 1243 1466 1287 aliquam
1498 1245 1630 1276 minime
1660 1246 1841 1276 incurrisse
1871 1255 1933 1276 uec
1964 1246 2012 1277 eis
2042 1242 2144 1277 fuisse
2173 1254 2233 1277 seu

376 1313 451 1335 esse
481 1303 714 1347 quoquomodo
744 1303 862 1347 ligatos
893 1307 1089 1336 auctoritate
1115 1303 1262 1349 predicta
1285 1303 1506 1337 decernerent
1526 1308 1557 1336 et
1578 1304 1786 1336 declararent
1809 1315 1847 1337 ac
1869 1304 2006 1337 eosdem
2029 1306 2233 1349 prepositum

378 1367 407 1395 et
439 1363 629 1408 capitulum.
661 1375 789 1397 necnon
819 1375 980 1409 personas
1012 1369 1041 1397 et
1072 1364 1272 1397 adherentes
1303 1364 1488 1397 huiusmodi
1519 1364 1557 1397 ad
1597 1364 1760 1398 cautelam
1799 1364 1839 1397 ab
1870 1364 2055 1398 huiusmodi
2086 1375 2234 1398 excom-

377 1427 616 1458 municacionis
646 1429 674 1457 et
706 1428 932 1470 suspensionis
961 1430 993 1457 et
1022 1425 1092 1458 aliis
1114 1428 1206 1470 penis
1227 1430 1255 1457 et
1279 1428 1471 1461 sentenciis*
1493 1428 1518 1458 si
1541 1436 1622 1470 quas
1645 1426 1730 1458 l‘orte
1751 1428 1974 1465 incurrerant,
1996 1436 2039 1459 ex
2060 1427 2233 1471 premissis

376 1489 428 1516 aut
460 1484 568 1529 aliquo
599 1488 847 1530 premissorum„
877 1489 902 1518 si
934 1485 995 1518 hoc
1025 1485 1191 1519 humiliter
1220 1490 1382 1531 peterent.
1413 1486 1529 1519 eadem
1550 1489 1747 1519 auctoritate
1769 1486 2000 1521 obsolverent.
2022 1485 2232 1520 interdictum

377 1545 562 1578 huiusmodi
602 1548 730 1591 penitus
769 1547 951 1579 relaxando
990 1551 1021 1579 ct
1057 1546 1287 1580 nichilominus
1323 1549 1525 1591 prepositum
1565 1551 1594 1579 et
1633 1547 1809 1592 capitulum
1849 1558 1980 1581 necnon
2012 1557 2173 1592 personas
2203 1550 2234 1579 et

377 1605 578 1639 adherentes
608 1607 755 1651 prefatos
785 1610 813 1639 iu
845 1610 1014 1652 pristinum
1047 1613 1076 1640 et
1108 1611 1136 1640 in
1168 1618 1241 1640 eum
1272 1611 1403 1640 statiun.
1436 1610 1465 1640 in
1497 1618 1562 1651 111111
1583 1612 1674 1640 eraut
1698 1612 1848 1653 tempore
1870 1608 2111 1653 appellacionis
2131 1611 2232 1641 ante-

378 1666 475 1699 diete.
506 1678 634 1700 necnon
665 1668 702 1699 ad
735 1671 980 1712 possessionem
1011 1668 1158 1701 eiusdem
1190 1668 1335 1701 ecclesie
1364 1671 1470 1701 sancti
1500 1667 1615 1701 Jacobi
1647 1671 1843 1701 auctoritate
1875 1668 2036 1714 predicta.
2066 1679 2105 1701 ac
2126 1670 2232 1701 eciam

378 1727 543 1760 mediante
582 1727 726 1772 presidio
765 1728 871 1761 dilecti
911 1728 964 1761 11111
1004 1728 1121 1761 nobilis
1160 1731 1220 1762 viri
1250 1728 1366 1761 Jodoci
1398 1727 1599 1762 marchionis
1630 1728 1794 1762 Moravie.
1827 1729 1887 1762 sub
1919 1732 2013 1762 euius
2043 1729 2174 1763 dicione
2203 1733 2235 1762 et

377 1788 522 1821 dominio
552 1788 723 1833 temporali
754 1789 868 1821 eadem
900 1789 1041 1822 ecclesia
1073 1793 1176 1822 sancti
1206 1788 1321 1822 Jacobi
1353 1793 1519 1822 extiterat.
1550 1795 1581 1822 et¹
1605 1792 1658 1834 qui
1680 1793 1784 1823 eciam
1808 1790 1903 1823 uobis
1926 1801 2028 1835 super
2050 1793 2234 1836 premissiS‚

379 1853 409 1881 111
439 1849 633 1882 111111-1·1-111111·
662 1849 815 1882 scaudala
847 1852 931 1882 inter
960 1854 1070 1895 partes
1099 1850 1274 1895 predictas.
1307 1862 1364 1895 per
1385 1862 1462 1883 suas
1484 1854 1632 1895 patentes
1654 1850 1765 1883 literas
1788 1850 1954 1883 humiliter
1974 1851 2232 1896 supplicaverat.

378 1912 553 1942 restituere
583 1914 613 1941 et
645 1913 851 1948 reintegrare
881 1915 1034 1943 curarent
1067 1910 1260 1943 mandantes
1290 1912 1414 1944 eisdem
1446 1910 1612 1944 abluitisse
1642 1915 1670 1943 et
1702 1915 1895 1946 conventui.
1927 1916 1957 1943 ut
1989 1911 2073 1944 int'ra
2103 1915 2231 1945 certum

378 1973 551 2003 terminum
583 1974 630 2003 eis
660 1970 698 2002 ad
738 1970 800 2003 hoe
839 1970 1065 2015 pretim-udum
1106 1975 1352 2016 possessionem
1384 1972 1531 2004 eiusdem
1571 1971 1714 2004 ecclesie
1752 1974 1857 2004 sancti
1897 1971 2027 2008 Jacobi.
2065 1974 2170 2006 eciam
2207 1974 2234 2005 si

377 2042 478 2075 super
507 2043 544 2063 ea
582 2034 667 2064 inter
697 2034 785 2076 ipsos
815 2034 1016 2076 prepositum
1048 2036 1076 2063 et
1108 2032 1283 2077 capitulum
1315 2044 1356 2065 ex
1389 2044 1449 2066 una
1481 2037 1511 2065 et
1541 2031 1740 2065 abbatissam
1771 2037 1800 2063 et
1833 2037 2036 2066 eonventum
2068 2037 2160 2078 parte
2190 2043 2232 2066 ex

378 2093 480 2124 attera
512 2103 569 2125 seu
599 2103 815 2136 quoscumque
845 2092 926 2125 alios
957 2092 1005 2125 tis.
1036 2095 1128 2125 euius
1157 2097 1274 2126 statum
1307 2096 1428 2127 nostris
1458 2094 1559 2126 literis
1599 2093 1762 2126 voluimus
1804 2093 1918 2126 haberi
1959 2105 2018 2139 pro
2056 2104 2234 2139 expresso,

379 2152 539 2196 penderet
570 2152 727 2185 indecisa.
759 2152 882 2185 eisdem
914 2157 1082 2197 preposito
1117 2158 1144 2185 et
1177 2154 1319 2198 capitulo
1350 2154 1486 2187 liberam
1525 2159 1553 2186 et
1586 2154 1773 2199 expeditam
1805 2157 1939 2187 omnino
1971 2154 2175 2188 dimitterent
2204 2158 2235 2187 et

379 2213 418 2244 ab
449 2216 518 2244 eius·
548 2215 774 2257 oecupacioiu·
804 2215 931 2257 penitus
962 2213 1171 2246 desisterent.
1202 2226 1240 2245 ac
1270 2215 1396 2248 eisdem
1437 2220 1604 2260 preposito
1641 2219 1672 2247 1-1
1710 2214 1853 2260 capitulo
1885 2215 1928 2248 de
1959 2218 2060 2260 ipsius
2089 2215 2235 2249 ecclesie

380 2275 482 2304 saut-ti
522 2272 636 2305 .1111·1111’1
677 2272 835 2306 fructibus
876 2273 1055 2306 redditibus
1091 2274 1307 2318 proventibus
1342 2275 1472 2318 juribus
1512 2281 1541 2308 et
1584 2275 1849 2309 obvenciouiluis
1894 2278 2061 2309 universis
2103 2278 2234 2320 integre

381 2334 574 2375 responderi
605 2333 774 2366 facerent:
805 2338 834 2365 et
866 2337 892 2366 si
925 2333 1088 2366 abluitissa
1120 2339 1148 2366 et
1171 2341 1356 2369 cono-nuis-
1378 2338 1525 2382 predicte
1548 2337 1707 2370 inaudatis
1731 2337 1916 2370 huiusmodi
1942 2336 2023 2370 infra
2047 2336 2233 2371 huiusmodi

382 2397 551 2424 teriiuuiuu
584 2405 646 2426 uon
678 2398 831 2439 parerent
862 2405 935 2427 euin
967 2395 1095 2427 etl‘eetu.
1128 2396 1293 2439 predictas
1323 2402 1350 2429 et
1384 2409 1597 2442 qiuiseunque
1627 2399 1707 2431 alias
1745 2398 1855 2430 literas
1896 2400 1975 2443 ipsis
2005 2397 2172 2432 abbatisse
2202 2401 2235 2430 et

381 2458 557 2485 eoum-atui
595 2466 694 2499 ,super
732 2454 815 2487 dicta
855 2455 996 2487 eeclesia
1037 2459 1139 2488 saneti
1177 2456 1292 2490 Jaeobi
1333 2469 1391 2503 per
1426 2470 1485 2491 uos
1515 2469 1694 2491 concessas
1725 2463 1752 2490 et
1785 2470 1984 2503 quecunque
2015 2459 2090 2492 inde
2119 2461 2233 2493 secuta

381 2518 574 2544 auetoritati-
606 2515 752 2558 pre-dieta
783 2521 968 2548 cassarent.
1001 2520 1163 2549 irritarent
1197 2522 1225 2549 et
1257 2518 1475 2553 annullarent.
1505 2530 1544 2550 ac
1574 2530 1687 2551 cassas
1718 2522 1826 2551 irritas
1848 2524 1877 2551 et
1901 2519 2005 2552 nullas
2027 2521 2234 2553 nunciarent.

382 2572 416 2605 Et
451 2574 679 2607 uie-tutouuum
709 2577 832 2609 eisdem
865 2579 1033 2621 preposito
1063 2582 1092 2608 et
1124 2578 1265 2622 czipitulo
1296 2583 1535 2612 concessimus.
1558 2579 1642 2623 11111111
1666 2579 1852 2612 huiusmodi
1875 2582 2045 2625 possessio
2067 2590 2127 2624 per
2147 2582 2236 2625 ipsos

382 2634 489 2666 taliter
519 2636 728 2678 adipiscenda
760 2648 818 2681 per
849 2636 980 2670 111111111111
1008 2642 1274 2682 atteiuptatoruiu
1305 2643 1454 2684 nequiret
1486 2643 1651 2673 revocari.
1684 2645 1775 2684 prout
1810 2643 1838 2673 in
1871 2643 1952 2685 ipsis
1974 2640 2093 2673 ultimis
2115 2642 2237 2673 nostris

381 2693 482 2726 literis
514 2695 637 2738 plenius
668 2700 868 2730 continetur.
900 2699 980 2731 ('uin
1011 2703 1133 2732 autem.
1163 2705 1244 2732 sieut
1278 2701 1423 2733 veridica
1446 2700 1612 2733 relacione
1633 2700 1819 2734 didicimus.
1839 2702 1893 2742 jus
1917 2705 2110 2745 patronatus
2132 2703 2234 2746 ipsius
