2347 3153
1052 212 1073 220 α

1026 212 1068 245 31

106 320 195 352 nium
226 322 257 352 et
286 316 390 351 robur
418 317 526 362 sigilla
548 322 614 352 etc.
644 317 767 352 Datum
790 316 951 351 Olomucz
972 328 1060 351 anuo
1082 317 1205 351 domini
1226 316 1375 351 MCFCC
1398 317 1480 351 feria
1503 321 1606 352 tercia
1628 323 1701 364 post
1722 318 1842 352 festum
1866 322 1993 354 inven-

105 381 213 413 cionis
241 383 359 412 sancte
388 382 511 413 crucis.
542 390 606 424 que
637 378 694 412 fuit
725 378 796 412 dies
825 378 897 412 llll.
930 382 1055 412 mensis
1084 378 1174 413 Maii.

420 458 614 493 (Kremsierer
639 458 878 493 Leheusquatern
903 458 941 485 11.
968 468 996 493 p,
1025 459 1110 493 143.)

1008 613 1082 649 27.

108 690 186 726 Das
218 691 393 725 Olrm'ilz—er
418 690 557 737 Capite!
586 692 731 726 cerleiht
760 692 823 726 deu
855 691 907 726 St.
931 692 1226 727 Matlaeias-Altar
1256 695 1288 726 in
1319 695 1380 727 der
1413 694 1588 728 Olim'ilz-er
1620 694 1749 728 Ii'e'rclee
1771 695 1845 728 dem
1874 694 1989 729 ιΙαΙιοί)

626 764 688 787 ron
719 752 854 787 Horlta.
888 753 945 787 Dt.
981 754 1125 797 Oltm'ltz,
1159 754 1214 788 14.
1246 754 1323 788 Mae·
1353 755 1462 790 1400.

245 829 336 884 'Ros
365 850 544 896 capitulum
576 849 720 884 ecclesie
751 849 987 884 Olomucensis
1017 850 1277 885 notumsacimus
1307 856 1425 886 tenore
1446 856 1671 898 presencium.
1705 854 1801 895 Quod
1831 854 1870 887 ad
1902 865 1990 900 pre—

103 913 334 946 sentacionem
377 916 409 945 et
452 915 654 958 peticionem
697 913 823 946 strenui
863 911 973 945 militis
1011 911 1178 946 Sudconis
1217 912 1258 946 de
1288 912 1413 947 Podole
1452 914 1634 948 discretum
1672 918 1780 949 virum
1819 915 1988 949 dominum

103 971 266 1007 Jacobum
295 972 460 1017 ‚Iohannis
489 973 530 1006 de
561 972 674 1007 llorka
714 973 860 1007 ecclesie
890 972 1128 1007 Olomucensis
1164 973 1426 1020 prebendarium
1467 978 1497 1009 in
1528 981 1559 1009 et
1589 976 1630 1009 ad
1660 976 1767 1010 altare
1797 981 1989 1011 sanctorum

103 1034 230 1070 Mathie
258 1039 290 1069 et
319 1034 454 1069 Martini
484 1039 517 1068 et
545 1035 685 1069 aliorum
717 1039 909 1069 sanctorum
941 1038 973 1069 in
1003 1034 1126 1068 ambitu
1158 1035 1304 1069 ecclesie
1335 1036 1571 1071 Olomuccnsis
1600 1038 1752 1084 predicte
1790 1041 1901 1081 situm,
1932 1049 1992 1084 per

104 1100 247 1131 mortem
277 1099 442 1130 memorie
472 1095 596 1130 domini
627 1096 730 1130 [irici
761 1096 866 1130 ultimi
895 1101 926 1130 et
956 1096 1137 1130 immediati
1168 1099 1271 1142 ipsius
1301 1097 1414 1131 altaris
1444 1101 1587 1132 rectoris
1617 1103 1647 1132 et
1680 1102 1820 1133 ministri
1850 1111 1989 1134 vacans.

103 1160 135 1192 in
164 1168 231 1204 quo
259 1157 368 1192 dictus
397 1157 512 1192 Sudco
542 1157 636 1191 miles
661 1159 716 1202 jus
737 1158 953 1204 presentandi
973 1161 1124 1192 noscitur
1144 1157 1309 1192 obtinere.
1327 1159 1424 1203 juxta
1447 1163 1477 1192 et
1508 1160 1692 1194 secundum
1711 1161 1987 1194 consuetudinem

102 1221 271 1265 antiquam
301 1218 503 1253 laudabilem
533 1223 564 1252 et
595 1222 815 1265 prescriptam
847 1219 992 1253 ecclesie
1022 1224 1137 1253 nostre
1159 1219 1396 1253 Olomucensis
1417 1223 1616 1255 investimus
1647 1221 1776 1267 sibique
1812 1234 1926 1256 curam
1959 1227 1989 1256 et

102 1280 432 1315 administracionem
463 1281 683 1326 spiritualium
715 1284 746 1313 et
767 1282 999 1326 temporalium
1030 1281 1108 1314 dicti
1137 1281 1252 1314 altaris
1283 1284 1532 1316 committentes
1556 1283 1832 1329 mandantesque
1856 1283 1918 1318 sibi
1949 1284 1989 1318 de

102 1340 277 1385 fructibus,
308 1341 503 1378 redditibus.
544 1341 778 1388 proventibus.
803 1341 936 1386 juribus
975 1347 1005 1376 et
1035 1341 1304 1376 obs-encionibus
1335 1343 1547 1388 integraliter
1582 1347 1752 1379 universis
1789 1345 1989 1391 responderi

100 1406 276 1450 ipsumque
305 1402 416 1438 induci
446 1406 478 1437 in
508 1406 760 1450 possessionem
791 1403 867 1437 dicti
897 1403 1010 1439 altaris
1039 1404 1251 1450 corporalem
1284 1409 1314 1437 et
1346 1404 1484 1438 realem.
1516 1405 1653 1447 llarum,
1694 1406 1813 1451 quibus
1843 1408 1987 1452 sigillum

101 1464 235 1511 capituli
264 1467 369 1499 nostri
391 1464 602 1511 presentibus
623 1469 672 1498 est
694 1476 891 1510 appensum,
922 1468 1113 1500 testimonio
1135 1466 1320 1500 literarum.
1353 1467 1473 1501 Datum
1497 1467 1682 1501 otomuncz
1713 1471 1743 1501 in
1766 1468 1842 1502 loco
1872 1473 1988 1502 nostro

101 1526 276 1572 capitulari
305 1536 411 1572 prope
441 1526 619 1566 ecclesi-am
660 1526 922 1560 Olomucensem
967 1525 1028 1560 sub
1071 1538 1158 1561 anno
1188 1527 1311 1561 domini
1351 1528 1530 1562 millesimo
1569 1529 1905 1579 quadrineentesimo
1935 1530 1988 1564 die

101 1591 219 1633 quarta
248 1586 377 1622 decima
408 1589 535 1621 mensis
563 1586 654 1621 Maii.

416 1666 509 1701 (orig,
536 1667 619 1701 l'erg,
645 1667 673 1696 li,
698 1666 757 1701 sig,
784 1667 819 1692 im
845 1667 919 1695 (nm.
945 1667 1069 1702 Metrop.
1095 1667 1379 1703 Capitol-Ar(·11ive‚)

1007 1824 1082 1860 28.

103 1901 241 1936 Jolmnn
272 1900 425 1947 Biscleof
458 1913 520 1935 ron
561 1902 693 1937 Olmz'llz-
740 1902 899 1947 τθνΙιιιιΙῙΙ
937 1903 1000 1936 das
1033 1904 1098 1936 (int
1125 1904 1316 1938 lesmor-’11:-
1355 1906 1430 1940 dem
1462 1906 1580 1939 Boeel.
1610 1919 1672 1940 ram
1705 1906 1734 1939 Ι)
1732 1906 1889 1940 οιΙρΙηιιιί
1927 1910 1995 1952 aas

383 1964 504 1997 desseu
535 1963 737 1998 chensz-eil
764 1967 824 2009 fur
854 1964 929 1997 '100
961 1964 1073 1999 .··.tl‹11h
1124 1965 1181 2000 Dt.
1217 1967 1362 2001 (Ilmeilz.
1397 1967 1453 2001 14.
1487 1968 1563 2001 Mae
1595 1968 1703 2002 1400.

242 2039 438 2095 Johannes
467 2060 726 2095 notumsacimus
756 2066 820 2094 etc.
853 2062 948 2102 Quod
980 2072 1041 2095 nos
1072 2065 1102 2095 in
1133 2066 1244 2097 animo
1275 2067 1337 2098 rite
1367 2065 1551 2098 volventes
1581 2069 1702 2099 castra.
1723 2067 1931 2099 municiones
1953 2070 1982 2098 et

101 2120 187 2156 bona
217 2120 314 2156 nobis
343 2127 375 2156 et
404 2127 519 2156 nostre
549 2134 665 2156 mense
695 2123 877 2169 episcopali
903 2124 972 2166 jain
1005 2122 1156 2169 pluribus
1193 2129 1288 2159 annis
1327 2125 1586 2172 dampnabiliter
1620 2125 1789 2159 abstracta
1821 2126 1986 2159 reducere

100 2193 141 2217 ac
169 2193 323 2228 congrue
353 2183 542 2218 reformare
571 2184 738 2218 volentes.
770 2188 951 2230 eapropter
982 2189 1011 2217 ut
1052 2189 1197 2219 castrum
1239 2185 1359 2220 Melicz
1398 2198 1472 2221 cuni
1504 2190 1642 2220 civitate
1672 2187 1823 2221 Wissaw
1854 2198 1985 2221 necnon

101 2248 248 2278 castrum
279 2255 353 2278 cum
383 2245 483 2292 opido
513 2244 696 2279 Modrzicz.
728 2245 826 2279 vittis.
867 2244 1039 2279 censibus.
1077 2249 1306 2292 pertinenciis.
1347 2248 1573 2282 ususruetibus
1614 2251 1793 2282 universis.
1834 2249 1983 2282 vasallis.

101 2304 297 2350 vasattagiis
333 2310 365 2339 et
403 2306 503 2352 pleno
540 2306 686 2340 dominio
725 2306 910 2340 eorundem
951 2306 990 2339 ad
1030 2318 1091 2340 uos
1128 2312 1158 2341 et
1200 2319 1349 2342 mensam
1382 2314 1529 2343 nostram
1561 2309 1788 2355 episcopalem
1819 2310 1986 2343 reducere

101 2365 307 2409 valeremus,
343 2378 559 2414 summopere
597 2371 629 2401 ct
669 2367 770 2401 multa
807 2367 1030 2401 sollicitudine
1067 2367 1308 2403 laboravimus.
1366 2369 1404 2403 Et
1443 2373 1518 2416 quia
1558 2373 1797 2404 serenissimus
1828 2374 1986 2417 princeps

101 2427 256 2462 dominus
285 2428 439 2462 dominus
469 2428 706 2474 Sinismundus
737 2440 797 2463 rex
835 2428 985 2470 [neuru-
1013 2429 1184 2463 l)alma‹ie
1219 2431 1362 2465 Cro-ieie
1392 2443 1432 2465 ac
1462 2431 1613 2465 maicbio
1645 2431 1986 2473 Brandenburffensis

100 2498 296 2534 pressuram
325 2494 474 2523 nostram
506 2494 537 2523 et
568 2490 714 2524 ecclesie
743 2495 859 2523 nostre
890 2493 1022 2523 intuens
1052 2491 1150 2524 oculo
1190 2494 1321 2537 pietatis
1361 2504 1420 2538 pro
1456 2504 1515 2526 sue
1545 2497 1575 2525 et
1608 2493 1791 2527 r-ewttnde
1823 2496 1986 2527 memorie

102 2552 356 2596 progenitorum
387 2562 524 2585 suorum
554 2551 662 2585 salute
693 2555 877 2585 animarum
909 2563 945 2585 se
976 2564 1036 2598 pro
1068 2552 1285 2586 rehabicione
1315 2553 1479 2587 dictorum
1518 2553 1680 2587 bonorum
1713 2581 1917 2588 ......
1948 2558 1986 2597 ²¹³)

100 2608 274 2644 efficacius
313 2615 362 2645 est
403 2611 570 2655 dignatus.
603 2615 644 2645 ita
677 2617 799 2646 tamem
832 2612 918 2657 quod
960 2624 1020 2646 iios
1059 2616 1088 2646 ιιι
1128 2613 1304 2659 iliqualem
1347 2626 1590 2660 ιϊυιιιψιιιε·ιιιι
1633 2619 1662 2647 et
1695 2615 1984 2661 complue-encrat:

257 2717 287 2750 θ’)
313 2718 394 2742 Auel»
422 2718 455 2742 ini
483 2717 577 2743 (ju-lex
603 2719 648 2744 ein
676 2719 763 2744 l····r‹·r
790 2720 891 2746 lemn».
