2347 3153
1171 209 1214 243 12

266 320 447 354 (llic-rubin.
478 330 542 353 nou
573 322 625 363 qui
656 319 826 363 potestatis
856 314 1025 360 plenitudo
1054 316 1303 359 interpretatur.
1333 322 1394 358 per
1422 322 1518 356 quem
1541 313 1775 355 episcoporum
1805 309 1887 343 ordo
1916 308 2122 353 intelligitur,

263 392 401 426 quorum
433 380 542 424 lingua
566 379 735 411 flammans
752 376 881 419 eladius
898 374 1028 407 dicitur.
1042 377 1125 419 ‘quia
1147 373 1277 407 ssamma
1299 372 1469 406 charitatis
1491 376 1538 404 est
1560 374 1658 408 ignca
1676 371 1771 413 juxta
1794 369 1915 403 dictum
1937 368 2123 415 prophete:

264 445 318 486 qui
348 442 428 474 lacis
459 440 598 483 angelos
634 449 710 470 suos
742 439 909 470 ministros
939 439 969 468 et
1000 438 1134 480 spiritus
1163 445 1241 467 suos
1272 434 1437 466 flammam
1468 435 1566 477 ignis.
1597 435 1696 475 atque
1726 429 1919 463 versatilem
1948 428 2125 463 tribuendo

263 500 459 547 quibuslibet
490 499 670 533 secundum
702 500 818 530 merila
848 496 887 529 ad
918 495 1167 528 custodiendam
1209 497 1296 527 viam
1333 493 1413 537 ligni
1450 495 1530 525 vite.
1570 491 1600 524 id
1631 496 1680 524 est
1718 490 1923 536 prelatorum
1950 493 2125 535 precepta,

267 567 386 596 statuta
417 566 446 594 et
478 561 631 593 salutaria
655 561 775 591 monita
798 568 924 602 perque
945 558 1142 601 pervenitur
1162 555 1200 588 ad
1224 558 1325 588 vitam
1356 554 1547 587 salutarem.
1582 552 1709 585 Verum
1738 554 1814 596 quia
1844 551 1986 585 humana
2008 555 2125 585 natura

264 622 368 656 labilis
399 626 447 654 est
477 621 515 653 ad
547 620 663 652 delicta
694 623 724 651 et
756 616 877 650 diaboli
914 617 1039 650 invidia
1077 620 1317 649 succrescente
1355 618 1429 659 post
1459 617 1633 659 peccatum
1664 612 1803 646 confusa
1833 616 1883 646 est
1911 611 1968 646 lex
1997 615 2126 654 nature,

265 694 338 716 cum
370 685 438 727 ipse
468 686 599 714 creator
629 680 710 712 deus
744 678 882 711 deorum
913 678 1065 710 domiuus
1095 679 1175 709 vite.
1214 687 1252 709 ac
1291 685 1377 719 equo
1416 673 1646 707 moderamine
1682 675 1806 707 emisso
1836 672 2057 718 preordinans
2084 670 2127 706 ab

265 749 380 776 etei-no
411 742 490 774 alias
521 744 636 777 teneas
667 739 768 772 voluit
799 748 874 771 esse
903 737 987 782 legis
1017 737 1243 770 condiciones.
1276 741 1306 769 ut
1338 747 1373 769 se
1412 735 1566 768 homines
1596 745 1672 768 esse
1701 737 1950 779 cognoscerent
1977 737 2011 767 et
2037 743 2126 778 pro-

265 808 369 849 prium
415 802 473 835 sut·
517 801 599 837 leuis
643 798 797 833 limitibus
845 798 1016 832 arbitrium
1055 800 1244 831 limitarent.
1282 800 1368 830 inter
1405 807 1469 840 que
1512 795 1648 841 pulsatis
1686 794 1878 829 insolenciis
1914 793 2129 828 robotaret-ur

266 866 404 907 justicia.
438 866 566 906 vigeret
589 864 717 905 equitas
739 864 769 893 et
790 859 918 892 candor
938 861 1044 902 inagis
1066 861 1265 891 enitesceret
1289 857 1487 890 honestatis.
1518 854 1688 889 Ceterum.
1719 857 1794 900 quia
1824 857 1970 888 omnium
1998 852 2129 900 prede-

266 934 437 958 cessorum
473 927 662 956 nostrorum
702 924 795 954 accio
826 919 1028 965 exemplaris
1058 923 1171 952 nostra
1202 917 1298 951 debet
1329 928 1405 951 esse
1434 919 1626 950 instruccio.
1657 918 1732 961 quia
1762 926 1826 961 que
1864 915 1972 949 bonus
2009 918 2130 961 pater-

268 985 406 1018 familias
436 985 589 1027 «gesserit.
623 981 719 1015 debet
753 981 860 1014 bonus
890 979 974 1013 filius
1004 982 1133 1012 imitari.
1166 990 1226 1011 uec
1258 978 1330 1012 siliis
1359 977 1536 1024 quidquam
1566 988 1717 1022 congrue
1746 977 1861 1011 facere
1898 978 2031 1022 poterit,
2068 977 2132 1009 nisi

269 1047 352 1091 qnod
384 1049 509 1090 patrem
540 1043 658 1076 viderit
690 1042 880 1075 facientem.
911 1040 981 1074 Nos
1011 1040 1279 1073 considerantes.
1312 1039 1397 1084 quod
1427 1039 1503 1072 licet
1532 1038 1608 1072 fatis
1638 1038 1780 1084 provide
1809 1048 1870 1084 per
1898 1038 2060 1070 canonica
2089 1046 2129 1069 ac

269 1104 388 1139 deinde
432 1116 490 1150 per
533 1102 762 1148 provincialia.
808 1113 870 1135 nec
913 1112 977 1134 non
1015 1101 1294 1146 predecessorum
1334 1105 1527 1133 nostrorum
1566 1104 1686 1133 statuta
1725 1102 1814 1133 circa
1848 1097 2131 1132 reformacionem

271 1177 396 1200 morum
428 1170 529 1198 nostri
561 1164 639 1197 cleri
670 1163 846 1196 salubriter
876 1162 907 1195 fit
938 1164 1131 1207 provisum:
1161 1165 1306 1194 attamen
1336 1164 1410 1206 quia
1440 1160 1497 1194 lex
1525 1160 1578 1194 vel
1600 1164 1756 1194 statutum
1786 1171 1802 1193 a
1833 1159 1897 1193 deo
1913 1157 2131 1199 sufficienter,

269 1229 325 1259 vix
358 1226 409 1258 vel
441 1237 517 1258 raro
547 1238 563 1257 a
595 1226 756 1269 principio
786 1223 1027 1269 promulgatur.
1060 1224 1183 1267 vixque
1213 1233 1273 1267 per
1294 1222 1415 1255 sactum
1447 1220 1570 1266 aliquid
1600 1224 1631 1254 in
1663 1220 1814 1254 humanis
1834 1219 1935 1254 rebus
1951 1221 2132 1262 invenitur,

271 1287 423 1331 nullaque
454 1287 651 1320 eonstitucio
681 1285 720 1318 ad
752 1284 894 1317 humane
924 1288 1041 1317 nature
1071 1286 1264 1316 varietates.
1295 1294 1334 1315 ac
1354 1284 1427 1326 eJus
1448 1281 1720 1316 machinaciones
1749 1279 1969 1327 inopinabiles
1997 1278 2133 1321 suffieit,

270 1360 365 1393 cpiam
397 1360 455 1393 per
484 1347 754 1381 imicliinaciones
785 1345 929 1378 liumane
951 1345 1138 1381 sagacitatis
1168 1355 1232 1389 que
1261 1343 1300 1377 ad
1332 1343 1452 1377 malmn
1483 1353 1587 1388 prona
1617 1347 1719 1376 estet
1743 1341 1942 1388 multiplices
1970 1343 2135 1387 appetitus

272 1412 389 1442 noxios
426 1408 553 1441 obsidet
593 1419 651 1453 per
687 1409 835 1439 avaricie
872 1408 1057 1438 cecitatem.
1096 1409 1224 1438 mentes
1263 1404 1463 1449 quandoque
1501 1407 1686 1449 sapientum
1724 1405 1755 1436 in
1794 1405 1921 1436 erroris
1958 1404 2050 1436 viam
2087 1403 2136 1434 sic

273 1469 424 1502 aditnent.
455 1474 485 1501 ut
518 1471 578 1501 uisi
610 1468 663 1501 lex
694 1467 835 1500 limitans
865 1471 895 1499 et
926 1466 1113 1499 reformans
1144 1465 1225 1499 tales
1259 1465 1398 1498 allectus
1428 1467 1548 1498 noxios
1578 1467 1770 1509 restringat.
1801 1474 1840 1497 ac
1870 1462 2031 1503 refrenet,
2061 1461 2136 1496 dis-

272 1541 386 1562 rursu.-v
417 1532 535 1562 meutis
566 1528 708 1561 humane
737 1529 826 1571 justa
868 1529 1003 1560 racione
1043 1525 1246 1571 syllogisans
1284 1536 1327 1559 ex
1362 1524 1600 1571 apparentibus
1638 1527 1758 1570 potius,
1788 1534 1886 1569 quam
1916 1520 2138 1558 existentibus

273 1591 472 1623 concludere
514 1601 577 1623 non
618 1588 783 1623 formidet.
842 1588 1055 1634 Quapropter
1093 1586 1153 1620 sub
1183 1590 1327 1621 maxima
1358 1585 1597 1620 lucubracione
1626 1585 1789 1629 degentes
1818 1589 1936 1619 noctes
1963 1587 2137 1619 insomnes

274 1651 422 1683 diu-uuus
461 1663 476 1682 a
518 1650 691 1695 pastoralis
731 1649 830 1683 oflicii
868 1660 971 1682 onere
1010 1651 1131 1681 uostris
1174 1647 1322 1681 humeris
1360 1646 1572 1681 incumbente
1610 1649 1776 1692 oppressi.
1815 1648 2050 1692 omnipotentis
2085 1643 2139 1679 dei

275 1712 430 1744 auxilium
475 1715 681 1743 invocantes.
727 1722 791 1755 quo
834 1713 956 1743 nostris
995 1708 1131 1742 subditis
1172 1712 1203 1741 ut
1243 1707 1283 1741 ab
1322 1707 1509 1751 hujusmodi
1549 1706 1768 1741 varietatibus
1807 1706 1928 1740 illicitis
1965 1704 2139 1752 sibiipsis

275 1772 451 1804 consuler·-
482 1775 583 1804 sciant
615 1771 822 1804 abstinendo.
863 1775 892 1803 et
924 1773 1112 1803 errant-ium
1151 1769 1363 1815 obliquitates
1396 1770 1532 1813 justicie
1562 1773 1591 1801 et
1624 1771 1775 1802 veritatis
1804 1767 2076 1814 propalacionem
2105 1769 2138 1801 in

275 1832 347 1864 aliis
385 1833 564 1865 ostendere
596 1833 725 1865 vuleant
757 1836 789 1865 et
818 1834 936 1865 vitare.
969 1829 1115 1875 Ideoque
1145 1830 1304 1875 quasdam
1334 1835 1467 1863 nostras
1496 1831 1758 1863 constitucioues
1787 1831 2012 1870 necessarias,
2042 1831 2139 1874 prout

277 1904 386 1925 rei-mn
417 1896 630 1938 expet-teneto
662 1905 721 1926 nos
751 1893 883 1925 edocuit
905 1891 1069 1937 prioribus
1091 1896 1309 1925 annectentes
1331 1902 1395 1924 uon
1417 1894 1575 1924 novitatis
1596 1890 1735 1934 alicujus
1755 1888 1974 1935 conceptibus
2002 1887 2139 1932 inducti,

275 1953 332 1985 >ml
364 1953 533 1986 veteribus
565 1954 752 1986 t'ulcimenta
783 1952 974 1999 prebentes.
1006 1957 1035 1985 ut
1068 1955 1097 1985 in
1127 1955 1195 1986 suis
1225 1951 1380 1985 limitibus
1409 1951 1588 1985 salubriter
1609 1955 1843 1997 perseverent,
1874 1953 1905 1985 in
1935 1950 1996 1984 hac
2024 1953 2140 1984 nostra

277 2018 389 2046 >ancta
420 2014 561 2057 spinido.
599 2026 649 2047 cui
688 2014 868 2047 auxiliante
906 2014 1039 2046 domiuo
1078 2013 1299 2058 presidemus.
1338 2017 1452 2046 vestre
1490 2012 1641 2046 charitati
1680 2012 1719 2045 ad
1760 2014 1955 2046 memoriani
1985 2010 2141 2045 duximus

277 2073 494 2107 extulit-udas.
527 2075 720 2107 inundantes
751 2079 781 2107 et
813 2075 976 2109 volentes.
1007 2078 1037 2106 ut
1061 2085 1121 2107 vos
1151 2085 1267 2107 omnes
1297 2078 1326 2107 et
1358 2073 1478 2117 singuli
1508 2083 1626 2106 verum
1657 2083 1715 2106 eas
1744 2071 1891 2115 benigno
1920 2073 2142 2117 suscipientes

278 2134 394 2166 :illectu
425 2138 472 2166 eis
504 2138 635 2167 utamini
677 2135 716 2166 dt·
752 2139 866 2167 cetero
906 2135 986 2167 loeis
1025 2138 1054 2166 et
1096 2133 1313 2180 temporibus.
1351 2132 1549 2179 quibuslibet
1587 2132 1734 2178 expedit.
1774 2143 1836 2166 nec
1870 2134 2044 2178 quisquam
2079 2141 2140 2166 suo

280 2207 388 2227 >cu-u.
421 2196 476 2226 sed
509 2199 538 2227 in
569 2206 682 2228 carum
715 2195 869 2228 limitibus⁴
899 2194 1041 2228 ainlmlet
1072 2200 1101 2228 et
1133 2195 1283 2228 dueatur.

1112 2316 1261 2362 t'apuutn
1285 2315 1308 2349 Ι.

903 2402 959 2435 1)ι·
997 2403 1154 2436 ol'l‘irio
1191 2402 1519 2436 archidiaconi.

437 2488 516 2519 t‘um
545 2493 636 2529 Juxta
669 2489 790 2521 «lictum
821 2489 1027 2521 Salomonis:
1061 2501 1157 2522 nemo
1189 2489 1370 2534 prudencie
1410 2492 1544 2534 proprie
1575 2491 1665 2522 inniti
1697 2487 1828 2530 debeat,
1858 2487 1916 2523 sed
1947 2485 2084 2534 quilibet
2110 2488 2144 2521 in

280 2560 347 2581 sui>
378 2549 569 2581 accionibus
602 2560 664 2581 nou
705 2561 764 2581 suo
803 2561 913 2582 seusu.
954 2550 1010 2582 sed
1042 2554 1232 2583 sauctorum
1264 2561 1428 2583 canonum
1460 2552 1657 2582 auctoritate
1695 2549 1768 2582 (luci
1799 2547 1919 2582 debeat
1948 2551 1981 2582 et
2008 2546 2052 2582 ob
2080 2546 2146 2582 hoo

282 2609 334 2642 lex
368 2609 495 2653 prodita
527 2614 563 2641 >u
597 2615 625 2639 et
659 2610 828 2654 prodatur.
861 2614 889 2641 ut
913 2615 1075 2654 appi-titus
1097 2621 1217 2643 noxius
1243 2610 1303 2642 suli
1319 2613 1404 2654 juris
1428 2611 1543 2655 regula
1565 2610 1734 2644 limitetur.
1766 2620 1825 2655 per
1845 2619 1942 2654 quam
1964 2608 2143 2643 humanum

285 2680 402 2705 uenus.
435 2673 463 2701 ut
495 2669 634 2702 alterum
667 2681 729 2702 uon
761 2670 859 2703 ledat.
888 2671 940 2712 jus
980 2681 1072 2703 suum
1105 2673 1280 2715 unicnique
1320 2671 1451 2705 tribuat.
1482 2671 1690 2705 informetur.
1716 2670 1898 2704 Statuimus
1919 2673 1950 2703 et
1978 2667 2146 2710 volumus,
