2347 3153
1290 221 1364 254 osi

1292 247 1309 255 vv
1328 253 1331 254 γ

389 331 561 361 canonicis
591 332 728 361 vicariis
758 330 831 360 sive
862 328 931 360 aliis
963 329 1115 371 personis
1146 326 1291 359 ecclesie
1321 326 1469 370 predicte
1503 336 1570 359 non
1607 328 1638 358 in
1668 329 1821 370 proprios
1851 325 1908 359 sed
1943 329 1973 359 in
2004 337 2082 359 35115
2113 325 2259 359 ecclesie

386 393 494 422 saneti
527 389 611 422 l'etri
643 390 792 435 predicte
824 400 884 433 per
914 390 1118 433 prepositum
1149 391 1179 420 et
1210 387 1389 432 capitulum
1431 391 1507 420 tunc
1538 386 1760 419 residenciam
1800 386 1964 420 facientes
2001 385 2266 429 convertendos,

388 455 420 483 ut
452 454 506 495 qui
538 453 681 496 receptis
712 450 751 483 ab
783 450 926 482 ecelesia
958 451 1062 481 sancti
1094 447 1181 480 Petri
1212 447 1361 493 predicta
1392 447 1564 492 stipendiis
1593 449 1725 480 servire
1754 450 1786 480 in
1816 449 1897 481 vita.
1938 458 2013 480 cum
2044 449 2160 492 potuit,
2199 457 2264 481 non

379 515 531 545 curavit.
564 515 593 545 in
625 516 742 544 morte.
775 514 801 543 si
835 510 946 543 vellet.
977 521 1050 542 cuin
1082 520 1225 554 persona
1259 520 1325 542 non
1356 512 1476 554 potest.
1507 507 1559 541 1110
1589 507 1705 540 saltem
1737 519 1811 540 03111
1833 507 2007 553 stipendiis
2031 511 2103 553 post
2126 511 2267 541 mortem

383 573 647 606 obvenientilnis
678 575 802 605 serviat
830 572 926 614 juxta
958 581 1069 616 posse,
1102 574 1132 602 ut
1171 572 1220 602 sic
1252 581 1317 602 non
1356 569 1578 602 residencium
1616 579 1837 614 personarum
1875 571 2100 601 serviciorum
2137 570 2169 601 in
2198 569 2266 601 vita

389 634 580 667 subtraccio
603 638 672 678 post
698 636 843 678 ipsorum
869 635 1009 665 mortem
1032 631 1492 675 aliqnaliteigcoinpensetur.
1517 628 1758 663 Nicbilominus
1776 633 1887 662 tamen
1905 631 2058 662 canonici
2075 627 2265 662 residentes

389 700 563 740 postquam
595 695 635 727 de
666 698 772 726 morte
803 704 869 725 non
900 692 1078 725 residentis
1110 694 1264 724 noticiam
1297 690 1484 724 habuerint.
1523 693 1656 724 missam
1694 700 1753 735 pro
1791 701 1858 723 non
1898 689 2069 723 residente
2107 688 2264 723 defuncto

389 759 561 801 preposito
592 755 643 787 vel
676 757 839 787 canonico
863 758 999 787 eantare
1021 753 1218 786 solemniter
1239 751 1460 788 11-11011311131·;
1490 754 1544 796 qni
1566 762 1649 784 vero
1670 762 1713 784 ex
1735 753 1888 796 personis
1914 750 2060 784 ecclesie
2080 752 2264 784 canonicus

390 820 536 850 vicarius
575 817 720 849 aitarista
763 815 816 848 vel
855 814 1001 847 choralis
1041 825 1100 859 pro
1139 816 1242 859 ipsius
1279 816 1389 846 anime
1429 812 1573 845 defuncti
1612 812 1762 851 remedio
1794 814 1930 845 missam
1961 811 2079 856 legere
2108 810 2264 854 voluerit,

390 882 463 923 ipso
494 878 545 911 die
576 882 699 910 tantum
723 877 951 922 deposicionis
982 875 1036 908 vel
1067 877 1405 908 eonimeinoracionis
1435 884 1533 907 nnum
1563 884 1720 917 grossum
1750 872 1883 906 11311031.
1916 872 2073 906 videlicet
2104 872 2144 905 de
2165 870 2266 905 rebus

389 944 441 972 aut
483 937 664 972 redditibus
703 937 971 982 11111113503111130.
1011 947 1074 980 que
1114 938 1216 980 ipsius
1255 938 1371 968 mortis
1408 937 1588 967 occasione
1627 934 1667 967 de
1706 944 1793 966 anno
1833 935 1950 977 gracie
1985 934 2205 978 provenerint
2235 936 2268 966 et

390 1000 562 1033 accident:
594 1002 619 1033 si
650 1010 734 1032 vero
765 1010 823 1044 pro
855 1001 1010 1043 personis
1032 997 1177 1030 ecclesie
1203 999 1385 1030 canonicus
1407 998 1554 1029 vicarius
1575 995 1722 1028 altarista
1744 999 1775 1028 et
1797 994 1944 1027 choralis
1967 996 1998 1027 in
2019 993 2094 1027 loco
2115 996 2266 1027 existens

393 1074 492 1095 misse
523 1072 587 1094 111111
618 1063 779 1093 intererit.
816 1063 888 1105 ipso
927 1059 979 1092 die
1016 1061 1042 1091 si
1082 1061 1262 1103 porciones
1301 1057 1420 1091 suerint
1461 1056 1652 1090 dividende.
1688 1055 1783 1089 51111111
1821 1066 1895 1088 cum
1936 1053 2075 1100 panibus
2103 1057 2265 1100 porcione

393 1128 497 1169 ipsum
529 1125 748 1165 contingente
779 1125 893 1154 careat
925 1120 1134 1162 integraliter
1163 1124 1192 1152 et
1224 1130 1267 1152 ex
1298 1123 1377 1152 toto.

549 1183 628 1216 Item
659 1185 834 1215 statuimus
865 1185 894 1214 et
927 1181 1094 1214 xoiumus.
1125 1180 1210 1225 quod
1244 1180 1431 1213 defunctus.
1472 1191 1488 1212 a
1526 1179 1578 1212 die
1617 1181 1733 1212 mortis
1772 1189 1832 1211 sue
1867 1188 1990 1211 annum
2030 1176 2267 1222 computando,

394 1245 535 1278 mediam
568 1248 694 1289 partem
727 1248 756 1276 et
788 1254 967 1276 successor
998 1241 1139 1275 inediam
1171 1246 1299 1287 partein
1330 1252 1492 1274 censuum
1522 1245 1555 1274 01
1585 1243 1780 1286 porcionum
1812 1241 1918 1273 tocius
1949 1241 2026 1272 anni
2043 1239 2139 1282 juxta
2160 1241 2265 1271 ratam

393 1309 553 1351 temporis
584 1310 613 1337 et
646 1304 924 1338 consuetudinem
955 1305 1194 1336 eenffliancinin
1226 1303 1423 1336 villanorum
1455 1306 1484 1335 01
1516 1302 1736 1347 opidanorum
1767 1299 1893 1334 habere
1924 1299 2045 1334 debeat
2074 1301 2205 1345 penitus
2235 1303 2267 1333 et

394 1367 456 1400 boe
487 1370 512 1399 si
543 1366 661 1399 eodem
692 1377 779 1399 anno
811 1364 999 1398 huiusmodi
1030 1375 1152 1397 census
1192 1364 1369 1397 commode
1406 1364 1568 1408 colligere
1607 1365 1760 1407 recipcre
1791 1364 1912 1407 poterit
1944 1365 1975 1394 et
2005 1363 2210 1406 importare;
2240 1363 2267 1394 si

396 1440 478 1461 xero
510 1427 695 1460 huiusmodi
726 1438 849 1460 census
879 1426 965 1459 dicto
995 1437 1084 1458 anno
1114 1427 1234 1469 quovis
1265 1425 1362 1458 niodo
1393 1424 1519 1458 babere
1549 1428 1580 1457 01
1611 1426 1794 1468 importare
1823 1433 1888 1455 non
1915 1424 2037 1467 poterit
2057 1425 2181 1455 extunc
2201 1421 2267 1455 atio

396 1500 595 1534 quoeunque
625 1500 712 1521 anno
750 1491 915 1532 sequenti.
956 1498 1020 1532 quo
1058 1487 1234 1519 commode
1272 1489 1453 1531 importare
1497 1487 1616 1530 poterit
1659 1489 1689 1517 et
1733 1483 1907 1527 colligere.
1953 1482 2093 1516 inediam
2137 1486 2265 1528 partem

396 1561 556 1583 eensniun
588 1550 721 1582 solvere
754 1548 920 1582 tenebitur
950 1547 1076 1592 absque
1107 1548 1181 1580 dolo
1213 1552 1242 1580 et
1276 1550 1458 1580 reniteneia
1490 1546 1723 1591 (1331103111130.
1755 1544 1895 1590 Insuper
1915 1546 2090 1578 statuimus
2110 1543 2266 1577 volumus

395 1613 607 1644 decernimus
647 1613 819 1643 sanximus
860 1609 1070 1642 declaramus
1109 1613 1138 1640 et
1180 1608 1373 1641 ordinamus
1411 1619 1471 1653 per
1509 1611 1697 1652 1110503105.
1737 1605 1823 1650 quod
1861 1605 2010 1651 predicta
2040 1608 2160 1638 statuta
2189 1606 2267 1638 anni

395 1675 511 1711 orat-ie
537 1674 631 1714 juxta
663 1683 778 1704 eorum
811 1673 1044 1704 extensionem
1078 1670 1313 1703 limitacionem
1345 1669 1614 1703 declaraeionem
1645 1673 1675 1701 01
1707 1668 1978 1701 moderacionem
2011 1677 2071 1712 per
2097 1665 2267 1712 predictos

396 1734 548 1766 dominos
580 1736 781 1778 prepositum
814 1734 998 1765 canonicos
1030 1736 1058 1764 et
1091 1731 1172 1763 alias
1203 1741 1366 1776 personas
1396 1730 1545 1776 predicte
1575 1729 1719 1762 ecclesie
1749 1731 1855 1761 sancti
1878 1727 1965 1760 l’etri
1988 1726 2108 1760 dudum
2131 1730 2268 1772 recepta

398 1794 506 1827 babila
539 1794 723 1827 introducta
755 1798 784 1826 et
819 1797 906 1826 tenta
940 1796 1069 1825 inantea
1102 1794 1207 1825 eciam
1239 1794 1310 1825 51110
1341 1792 1448 1836 31111113
1479 1793 1528 1824 sui
1561 1793 1795 1823 immutacione
1821 1793 1851 1821 et
1874 1788 2064 1821 violacione
2085 1789 2115 1820 in
2139 1786 2266 1832 prefata

398 1856 541 1888 ecelesia
586 1860 613 1887 et
660 1858 834 1891 signanter
878 1853 938 1887 sub
982 1864 1064 1898 pena
1107 1855 1240 1898 periurii
1280 1863 1338 1897 per
1378 1852 1522 1885 ecclesie
1562 1861 1723 1896 personas
1754 1849 1829 1883 inibi
1861 1849 2021 1894 deinceps
2051 1853 2083 1882 01
2111 1847 2267 1882 ammodo

399 1916 634 1950 131111131111111-1·
664 1916 901 1949 observentur.
934 1914 1074 1959 Insuper
1095 1916 1269 1947 statuimus
1291 1917 1321 1945 et
1344 1913 1508 1946 volumus.
1531 1911 1617 1956 quod
1640 1910 1774 1956 quilibet
1798 1913 1987 1955 prepositus
2009 1914 2064 1943 3111
2085 1911 2267 1943 canonicus

400 1977 634 2022 prebendatus.
667 1980 739 2010 six-e
770 1977 898 2009 electus
929 1987 1018 2009 novo
1049 1986 1108 2020 per
1137 1974 1314 2019 capitulum
1346 1977 1684 2019 1·1-01-11135.3111011111
1709 1974 1947 2017 permutaverit
1970 1975 2066 2004 extra
2088 1969 2266 2004 ecclesiam

399 2050 472 2071 enm
504 2050 701 2082 ‹piaeunqne
733 2048 887 2083 persona.
920 2039 1109 2082 prepositus
1140 2040 1211 2080 post
1244 2038 1345 2080 ipsius
1376 2037 1611 2079 recepeimiein
1642 2044 1715 2066 sex.
1738 2035 1921 2066 eanonicus
1942 2042 2027 2065 vero
2048 2035 2116 2064 tres
2137 2040 2268 2064 marcas

398 2111 595 2135 erossoruin
628 2102 842 2144 111-3301151311]
876 2100 1037 2131 nun-avie:
1069 2100 1197 2130 numeri
1228 2101 1257 2129 et
1290 2099 1479 2141 pagamenti
1512 2106 1570 2140 pro
1600 2106 1704 2140 cappa
1737 2094 1881 2127 ecclesie
1914 2093 1966 2126 vel
1998 2103 2136 2138 cappam
2165 2094 2268 2136 equi-

400 2161 567 2194 x‘alentem
613 2161 695 2193 int'ra
740 2163 888 2206 spacium
935 2162 1030 2192 triuin
1077 2161 1250 2192 mensium.
1295 2169 1312 2191 a
1356 2157 1407 2190 die
1450 2168 1508 2189 sue
1552 2158 1763 2201 recepeionis
1812 2153 2003 2187 immediate
2050 2153 2269 2198 sequencium

399 2222 633 2267 computando.
665 2222 744 2254 dai-e
774 2226 803 2253 et
836 2220 1034 2265 persolvere
1074 2218 1283 2252 tenebuntur.
1333 2218 1543 2251 Contrarium
1584 2227 1666 2249 vero
1697 2216 1857 2249 facientes
1888 2225 2006 2260 penam
2037 2215 2269 2259 suspensionis

400 2283 440 2316 311
471 2287 624 2319 ingressu
656 2283 802 2315 ecclesie
834 2285 1002 2314 incurrant
1036 2285 1106 2326 ipso
1137 2280 1237 2313 l'aeto.
1271 2279 1422 2312 volentes
1454 2277 1639 2311 huiusmodi
1679 2287 1797 2322 penam
1829 2277 2063 2320 suspensionis
2093 2284 2198 2318 usque
2227 2273 2266 2307 ad

400 2345 669 2377 satist'aeeioiiein
702 2343 844 2376 debitam
878 2343 1072 2387 perdurare.
1103 2352 1288 2386 omnesque
1319 2340 1469 2386 predicti.
1501 2341 1553 2382 qui
1587 2338 1638 2371 vel
1683 2340 1755 2382 quis
1786 2336 1973 2370 huiusmodi
2012 2337 2267 2381 suspensionem

401 2405 440 2437 ab
472 2409 624 2441 inei-essu
665 2405 811 2437 eeclesii—
853 2409 882 2436 nt
923 2406 1121 2448 premittitur
1159 2405 1268 2435 animo
1308 2403 1523 2434 sustinuerint
1565 2399 1715 2432 indurato
1756 2409 1814 2443 per
1846 2407 2008 2431 mensem.
2039 2398 2170 2442 priores
2200 2400 2268 2429 tres

401 2467 589 2499 immediate
620 2471 827 2509 sequentem.
859 2476 956 2509 quein
988 2468 1035 2497 eis
1068 2475 1125 2508 pro
1158 2466 1346 2496 inonieione
1383 2465 1542 2494 canonica
1584 2465 1615 2493 et
1645 2462 1786 2493 termino
1818 2460 2044 2504 peremptorio
2076 2456 2269 2502 111-0118131115

399 2534 426 2558 et
470 2530 690 2564 assignamus.
729 2531 851 2559 extunc
893 2527 1259 2558 exronununicaeionis
1298 2526 1517 2557 sentenciam.
1562 2533 1657 2566 quain
1698 2524 1727 2554 in
1767 2531 1825 2553 eos
1856 2530 1990 2553 exnunc
2021 2522 2115 2564 prout
2146 2521 2271 2551 extunc

398 2589 483 2620 dieta
517 2591 703 2621 nionicione
736 2590 850 2632 prexia
892 2586 1101 2632 111-0503111135
1142 2585 1354 2630 proterimus.
1393 2583 1537 2617 incidant
1580 2586 1650 2627 ipso
1691 2582 1778 2614 i'aeto
1818 2582 2008 2624 dictamque
2038 2580 2269 2624 suspensionis

399 2653 603 2682 sentenciam
635 2660 751 2680 omnes
783 2654 810 2679 et
844 2648 994 2684 singulos
1026 2651 1198 2680 incurrere
1230 2646 1396 2678 volumus.
1428 2647 1480 2688 qui
1513 2644 1670 2688 predictis
1699 2645 1872 2687 suspensis
1904 2645 1933 2673 et
1966 2641 2267 2673 excommnnicatis

402 2711 588 2743 huiusmodi
619 2721 840 2753 suspensione
880 2713 908 2740 et
950 2711 1260 2741 eoinniunieaeione
1300 2707 1438 2739 durante
1473 2705 1683 2749 quotidianas
1722 2702 1979 2736 distribui-iones
2020 2712 2121 2746 panes
2152 2703 2265 2734 vinum

400 2777 426 2800 1-Ι
461 2772 628 2803 oil'ertoria
660 2773 922 2815 pi·‹·siiiiips··rint
957 2773 1155 2802 ministrare.
