2347 3153
1259 218 1328 252 140

371 329 607 364 concedendis.
638 331 743 361 eciam
773 331 799 360 si
828 327 867 359 de
898 329 975 372 ipsis
1005 329 1035 357 et
1071 327 1217 370 ipsorum
1254 327 1321 356 toto
1360 329 1477 356 tenore
1515 323 1555 356 de
1590 321 1696 355 verbo
1726 321 1766 355 ad
1796 320 1936 355 verbum
1966 322 2089 354 nostris
2118 318 2222 352 literis

365 391 515 425 habenda
546 390 632 423 foret
663 391 790 422 mencio
820 386 973 432 specialis
1002 390 1034 419 et
1063 385 1134 418 aliis
1163 386 1338 417 contrariis
1372 394 1438 417 non
1472 381 1679 417 obstantibus
1708 381 1971 427 quibuscunque.
2019 379 2108 414 Nulli
2138 389 2223 424 ergo

364 455 498 486 omnino
529 451 695 484 bominum
726 450 822 482 liceat
850 447 935 481 hanc
965 449 1119 492 paginam
1141 449 1255 478 nostre
1277 444 1521 477 declaracionis
1541 445 1776 476 revocacionis
1796 443 2000 475 cassacionis
2021 441 2223 474 irritacionis

366 512 590 546 absolucionis
629 510 853 544 relaxacionis
888 507 1098 541 inbibicionis
1139 505 1319 539 voluntatis
1360 508 1391 537 et
1434 506 1687 538 constitucionis
1730 502 1924 546 infrangere
1968 501 2023 535 vel
2061 511 2105 535 ex
2143 509 2225 534 ausu

366 575 544 607 temerario
575 574 752 606 contraire.
783 570 817 602 Si
847 572 920 614 quis
949 572 1058 601 autem
1089 567 1152 600 boc
1181 569 1379 611 attemptare
1407 567 1659 611 presumpserit.
1690 563 1960 608 indignacionem
1990 563 2227 607 omnipotentis

367 635 417 667 dei
448 638 477 666 et
508 632 680 666 beatorum
712 630 797 664 Petri
827 635 857 663 et
887 628 988 665 Pauli,
1019 628 1245 674 apostolorum
1278 629 1348 659 eius
1378 637 1415 659 se
1444 628 1575 659 noverit
1605 627 1826 658 incursurum.
1850 622 1971 657 Datum
2000 621 2110 656 Rome
2139 620 2224 668 apud

367 699 516 729 sanctum
548 693 677 726 Petrum
708 690 858 724 kalendis
888 688 1108 735 Septembris.
1139 687 1346 733 pontificatus
1376 689 1480 720 nostri
1510 697 1597 719 anno
1626 684 1836 719 duodecimo.

678 762 770 795 gorig.
796 762 879 793 Pei-gx,
903 760 952 785 mit
977 760 1043 786 auli.
1068 758 1172 792 piipstl,
1199 757 1352 791 Bleisiegel
1378 757 1414 782 im
1440 756 1571 781 Briinner
1595 755 1807 783 Stadtarcliive,
1834 753 1892 787 sig,
1925 753 1960 782 N,
1985 753 2008 781 Ι,
2036 752 2098 786 13.)

1256 903 1272 938 1
1283 902 1357 938 30.

373 989 445 1022 Der
478 988 649 1021 Olmntzer
681 986 828 1029 Bis-elios
849 985 1026 1018 Julmmws
1056 983 1199 1018 erlfla'rt,
1221 981 1302 1014 dass
1331 981 1393 1013 (len
1420 978 1647 1013 Helela-adet·
1676 976 2063 1012 (¹1'slet·ce'etesee·1noncle.
2089 975 2233 1010 Wenz-el

374 1063 435 1083 ron
467 1049 652 1083 ΙΙνηιΙὶκι-Ιι.
685 1059 798 1091 meyer!
828 1047 886 1080 des
920 1044 1151 1086 Todsehlnqes
1190 1043 1248 1076 des
1280 1041 1440 1075 JIonvlees
1477 1039 1628 1074 It'enz-el.
1669 1040 1809 1084 Prosess
1847 1038 2025 1073 desselben
2058 1037 2229 1078 Kloslers.

719 1108 818 1141 ltei'ne
847 1106 978 1140 Selium
1006 1107 1115 1150 [resse.
1166 1103 1223 1136 Dt.
1257 1103 1445 1137 Ii'remsier.
1479 1101 1509 1135 1.
1541 1100 1743 1146 September·
1775 1099 1884 1134 1401.

509 1168 702 1222 «lohannes
732 1187 783 1220 dei
813 1190 845 1219 et
873 1184 1056 1230 apostolice
1085 1183 1174 1216 sedis
1202 1184 1317 1227 gracia
1347 1184 1525 1226 episcopus
1555 1180 1788 1213 Olomuceusis
1817 1181 1989 1212 universis
2018 1183 2050 1212 et
2078 1177 2231 1223 singulis,

372 1250 409 1283 ad
441 1261 523 1295 quos
554 1253 727 1294 presentes
757 1249 982 1292 pervenerint.
1013 1244 1151 1278 salutem
1184 1246 1215 1276 in
1236 1242 1369 1275 domino
1390 1244 1639 1287 sempiternam.
1671 1240 1798 1274 Literas
1825 1241 2027 1274 sanctissimi
2048 1241 2080 1273 in
2100 1237 2234 1273 Christo

372 1314 473 1357 patris
504 1315 533 1343 et
564 1310 685 1343 domini
707 1308 828 1342 domini
849 1306 1023 1344 Bonifacu,
1047 1305 1159 1338 divina
1190 1303 1409 1349 providencia
1439 1313 1524 1348 pape
1552 1304 1630 1335 noui
1651 1303 1723 1345 ejus
1745 1312 1827 1335 vera
1849 1300 1935 1334 bulla
1958 1299 2110 1346 plumbea
2142 1310 2235 1334 more

374 1383 511 1406 romane
549 1374 640 1404 curie
676 1369 849 1415 pendentis
885 1367 970 1412 (sic)
1009 1366 1147 1399 bullatas
1187 1375 1287 1398 sanas
1317 1368 1347 1396 et
1378 1366 1538 1407 integras.
1569 1373 1632 1396 non
1663 1373 1757 1395 rasas
1785 1372 1850 1395 non
1880 1363 2023 1395 viciatas
2052 1371 2117 1394 non
2149 1370 2236 1394 can-

374 1434 510 1467 cellatas
541 1444 602 1465 nec
641 1435 672 1465 in
710 1431 816 1475 aliqua
852 1431 902 1463 sui
937 1432 1031 1474 parte
1067 1429 1256 1472 suspectas.
1286 1423 1345 1457 sed
1376 1434 1512 1469 prorsus
1547 1425 1635 1456 omni
1665 1425 1753 1456 vicio
1783 1427 1815 1455 et
1843 1424 2037 1468 suspicione
2066 1425 2236 1463 carentes,

375 1494 468 1528 nobis
498 1504 556 1539 per
585 1493 777 1537 religiosum
817 1493 923 1524 virum
964 1487 1217 1521 wenceslaum.
1256 1484 1454 1518 monachum
1494 1486 1686 1517 monasterii
1724 1482 2007 1528 U‘elegradensis
2046 1481 2236 1528 professum

375 1554 515 1588 oblatas.
547 1565 607 1587 nos
637 1564 710 1586 cum
749 1562 787 1585 ea
824 1562 886 1596 qua
926 1550 1034 1583 decuit
1074 1549 1273 1581 reverencia
1311 1548 1473 1579 noveritis
1512 1547 1696 1590 recepisse.
1726 1554 1864 1589 quarum
1901 1548 1997 1577 tenor
2025 1545 2176 1588 sequitur
2205 1544 2237 1576 in

379 1615 439 1649 bec
470 1614 584 1647 verba.
644 1613 860 1648 ..Bonifacius
889 1613 1066 1657 episcopus
1096 1614 1158 1641 etc.
1204 1607 1323 1640 Datum
1354 1606 1461 1639 Rome
1491 1610 1567 1652 aput
1597 1610 1746 1639 sanctum
1779 1604 1908 1639 Petrum
1939 1603 2046 1638 XIIII.
2077 1602 2237 1637 kalendas

380 1679 519 1720 Augusti
550 1675 757 1721 pontificatus
786 1675 889 1706 nostri
919 1682 1005 1704 anuo
1036 1670 1270 1703 duodecinio.··'
1312 1667 1414 1707 (Vide
1444 1666 1502 1700 ΧΓ.
1539 1665 1609 1700 123
1639 1666 1750 1699 dieses
1780 1665 1945 1710 Bandes.)
1993 1664 2069 1699 Post
2099 1675 2238 1710 quarum

377 1737 507 1782 quidem
540 1737 707 1769 literarum
738 1732 996 1779 apostolicarum
1027 1730 1277 1763 exhibicionem
1309 1733 1339 1761 et
1369 1730 1603 1773 recepcionem
1634 1726 1728 1760 nobis
1758 1726 1814 1760 suit
1846 1725 2016 1760 humilime
2036 1736 2097 1772 per
2117 1725 2239 1759 dictum

380 1798 616 1831 wenceslaum
655 1796 694 1829 de
733 1795 854 1828 Rediss
891 1791 1088 1826 monachum
1125 1802 1197 1824 cum
1237 1789 1345 1823 debita
1385 1791 1545 1822 instancia
1583 1788 1812 1834 supplicatum.
1843 1792 2006 1832 quatenus
2036 1787 2074 1820 ad
2105 1797 2240 1820 execu-

379 1862 507 1892 cionem
551 1857 730 1890 earundem
775 1856 942 1889 literarum
985 1852 1244 1898 apostolicarum
1289 1856 1320 1883 et
1363 1854 1596 1883 contentorum
1638 1852 1666 1882 in
1707 1848 1831 1882 eisdem
1873 1847 2060 1894 procedere
2094 1847 2241 1881 celerius

380 1920 594 1956 ‹timiam—mur
624 1921 790 1955 graciose.
847 1914 916 1949 Nos
953 1914 1053 1947 veluti
1093 1912 1290 1945 obediencie
1321 1910 1404 1944 filius
1434 1910 1472 1943 ad
1504 1912 1745 1943 execuciouem
1776 1912 1920 1955 ipsarum
1954 1908 2124 1942 literarum
2155 1918 2241 1954 pro-

380 1980 538 2013 cedentes
569 1979 722 2023 factaque
751 1978 970 2022 inquisicione
992 1974 1104 2007 solerti
1127 1973 1267 2017 aliisque
1289 1973 1552 2005 circumstanciis
1573 1970 1827 2004 considerandis
1848 1969 2070 2003 consideratis
2091 1968 2241 2013 diligen-

380 2044 449 2074 cius
479 2045 509 2073 et
539 2043 613 2084 quia
645 2042 751 2072 onmia
783 2042 813 2071 et
843 2036 972 2080 singula
1003 2046 1062 2080 per
1101 2038 1205 2079 ipsum
1236 2032 1475 2065 wenceslaum
1515 2031 1556 2064 de
1592 2031 1737 2065 Retliscli
1775 2030 1975 2064 monachum
2015 2033 2092 2075 aput
2126 2029 2241 2063 sedem

381 2102 594 2147 apostolicam
636 2103 787 2145 exposita
825 2102 854 2132 in
896 2098 999 2131 literis
1038 2095 1229 2141 apostolicis
1267 2095 1501 2139 suprascriptis
1540 2097 1694 2126 contenta
1725 2103 1806 2125 vera
1836 2095 1973 2125 omnino
2003 2092 2241 2136 comperimus,

383 2164 456 2195 iili-o
486 2165 681 2194 auctoritate
710 2159 903 2206 apostolica.
937 2157 1031 2190 nobis
1062 2160 1092 2189 iu
1123 2155 1183 2188 bac
1214 2159 1306 2200 parte
1337 2156 1525 2195 commissa,
1552 2155 1646 2196 juxta
1679 2153 1818 2186 l'ormam
1858 2151 2041 2185 earundem
2072 2150 2242 2184 literarum

383 2224 638 2268 apostolicarum
669 2221 915 2254 deelaravimus
946 2222 976 2251 et
1015 2215 1225 2263 presentibus
1266 2215 1488 2248 declaramus.
1519 2213 1703 2259 sepefatum
1735 2213 1974 2246 wenceslaum
2006 2212 2046 2245 de
2076 2215 2183 2246 morte
2212 2214 2244 2244 ct

385 2284 560 2317 homicidio
594 2282 785 2315 wenceslai
826 2278 979 2313 monachi
1019 2276 1167 2310 eiusdem
1207 2277 1397 2309 monasterii
1437 2279 1467 2307 et
1504 2274 1629 2307 ordinis
1666 2274 1807 2320 professi
1849 2277 1878 2306 iu
1910 2275 1989 2318 ipsis
2017 2273 2244 2318 supranotatis

385 2345 486 2377 lito-ri<
518 2344 706 2388 :ipo-tolieis
737 2344 896 2375 contenti.
929 2339 1049 2373 nullam
1081 2337 1336 2381 irregularitatis
1359 2336 1520 2369 maculam
1542 2346 1600 2368 seu
1623 2339 1731 2368 notam
1764 2334 1942 2368 incidisse:
1973 2335 2245 2377 iniunximusque

386 2405 445 2437 sibi
489 2410 563 2436 :mre
607 2407 714 2436 omnia
760 2415 817 2448 pro
861 2401 1022 2434 ebrietate
1061 2400 1281 2444 penitenciam
1320 2396 1512 2429 salutarem.
1570 2395 1603 2429 lu
1643 2396 1736 2438 cujus
1767 2397 1813 2428 rei
1846 2396 2070 2428 testimonium
2099 2392 2244 2437 sigillum

387 2470 534 2498 nostrum
568 2463 774 2509 pru—>entibusv
814 2464 853 2496 de
892 2466 982 2495 eerta
1021 2464 1133 2493 nostra
1172 2460 1316 2491 sciencia
1358 2461 1404 2489 est
1436 2467 1595 2502 appensa.
1654 2455 1771 2489 Datum
1803 2455 1976 2489 Cremsier
2005 2464 2092 2488 anno
2121 2453 2246 2487 domini

388 2524 530 2558 )lt'(‘('('
564 2536 678 2568 primo.
710 2524 761 2555 «lie
792 2526 893 2567 prima
926 2523 1049 2554 mensis
1079 2517 1298 2564 Septembris.

711 2604 765 2626 ,xm
792 2604 853 2626 ιΙι-ιιι
882 2600 1067 2624 &Veh-lirini&
1091 2597 1272 2631 s'opiurliueli
1302 2597 1361 2623 Fut,
1389 2599 1424 2618 ΗΓ-
1452 2597 1486 2620 ῑιιι
1513 2606 1546 2622 iu.
1569 2595 1810 2622 1,11112t‹·s:=1·‹·t15v··‚
1836 2595 1892 2622 sii-r.
1914 2593 2101 2619 &Votuin-:uter
2118 2593 2245 2624 Ktoster,

804 2651 1186 2680 i.-.·‚‹:.111.·.,i!·i,i
