2347 3153
1260 212 1333 245 4⁴⁴

366 323 536 353 mutuavit.
569 332 628 366 pro
659 320 776 367 quibus
807 323 914 352 statim
946 322 1086 352 semina.
1120 328 1224 363 equos
1255 322 1284 350 et
1307 316 1453 351 cabellas
1487 317 1621 350 aratiles
1642 316 1682 350 ad
1704 317 1935 351 seminandum
1958 321 1987 350 et
2010 316 2232 350 excolendum

359 381 522 415 ecclesias
565 386 709 415 nostras.
754 392 814 426 per
857 380 1023 413 dominum
1057 378 1198 413 Puskani
1240 378 1280 411 de
1311 377 1531 412 Otlioslavicz
1563 378 1750 411 desertatas
1780 381 2063 423 comparavimus,
2103 381 2135 410 et
2172 388 2234 423 pro

359 442 490 475 residua
521 447 614 488 parte
644 454 760 487 panes.
791 443 991 474 cerevisiam
1023 445 1055 473 et
1084 440 1146 473 alia
1178 439 1349 473 victualia.
1390 438 1508 484 ‹piibus
1538 438 1750 472 carebamus.
1795 439 2041 472 introduximus
2079 441 2234 484 proprias

358 507 431 537 isici
464 515 596 548 quoqne
627 506 797 548 pecunias.
835 512 896 535 uos
927 500 1122 535 Wiclierius
1152 500 1255 534 abbas
1286 504 1317 533 et
1347 505 1534 533 conventus
1564 500 1746 545 predictus,
1778 499 1908 545 prefato
1930 499 2087 545 Gydkoni
2117 503 2149 532 et
2174 509 2234 532 sue

359 567 456 599 uxori
488 567 683 609 prescripte.
716 568 767 596 aut
800 563 855 596 illi.
887 566 940 607 qui
973 567 1150 608 presentes
1179 562 1306 595 literas.
1338 564 1421 594 sicut
1443 561 1637 607 predicitur.
1660 564 1806 606 ipsorum
1830 560 1983 594 babuerit
2003 571 2077 594 cum
2101 559 2233 602 favore,

359 626 422 659 side
462 631 574 658 nostra
617 625 712 657 bona.
753 627 824 657 sine
862 624 978 656 t'rande
1017 627 1047 656 et
1087 623 1162 656 dolo
1193 633 1310 655 omnes
1349 625 1379 655 in
1410 622 1550 655 solidum
1580 633 1641 668 per
1685 633 1745 655 nos
1775 626 1804 655 et
1836 631 2056 655 successores
2084 624 2234 663 nostros,

361 686 420 720 sub
451 686 662 722 obilu-acione
684 688 830 718 omnium
853 684 1015 717 bonorum
1038 686 1141 717 nostri
1164 686 1372 717 monasterii.
1395 683 1564 716 mobilium
1585 688 1619 716 et
1640 682 1854 716 immobilium
1876 681 2013 716 ubilibet
2034 681 2234 724 habitorum,

362 748 498 781 solvere
527 744 757 792 'promittimus
788 758 804 779 a
836 748 990 791 proximo
1021 756 1046 778 s.
1079 744 1219 789 Georgii
1260 744 1344 777 festo
1384 744 1469 777 infra
1500 755 1600 777 umun
1632 755 1754 777 annum
1785 747 1942 777 continue
1972 742 2234 785 revolvendum,

361 814 389 841 et
422 820 557 841 censum
597 819 657 841 sex
696 818 838 841 mareas.
877 812 944 840 tres
983 809 1013 840 in
1044 805 1240 842 lVeneeslai
1271 809 1425 851 proxime
1463 807 1606 847 venturi.
1651 809 1680 838 et
1713 809 1780 838 tres
1810 807 1841 837 in
1874 803 2013 849 Georgii
2042 802 2234 837 immediate

362 869 571 903 subsecuturi
603 869 812 913 integraliter
842 872 873 901 et
904 871 933 901 in
965 872 1033 901 toto
1064 870 1134 900 sine
1165 869 1254 899 oinni
1285 869 1466 899 occasione
1509 865 1644 899 tradere
1675 870 1705 898 et
1735 876 1809 899 cum
1841 865 1961 899 effectu
1991 867 2169 909 assignare
2203 867 2237 897 et

360 934 406 964 sie
438 932 597 975 deinceps
627 933 722 963 annis
753 928 1046 974 subsequentibus.
1087 927 1242 972 quamdiu
1282 927 1387 960 dictus
1419 926 1540 973 (iydlzo
1580 927 1634 960 vel
1673 937 1731 960 sua
1761 926 1982 969 conthoralis,
2012 930 2067 959 aut
2097 925 2150 959 ille
2180 927 2235 970 qui

361 996 536 1037 presentes
567 990 731 1024 babuerit.
764 991 868 1023 dictas
898 992 1058 1035 pecunias
1088 988 1173 1034 apud
1204 999 1265 1022 nos
1296 989 1492 1022 dimiserint.
1524 989 1710 1034 predictum
1740 999 1879 1021 censum
1910 990 1941 1021 in
1971 987 2129 1033 predictis
2158 991 2235 1020 ter-

362 1056 458 1086 minis
489 1063 623 1097 semper
653 1055 724 1085 sine
754 1054 990 1097 protraccione
1020 1053 1207 1094 assignare.
1240 1049 1273 1083 In
1305 1061 1384 1083 casu
1417 1060 1511 1083 vero.
1543 1048 1596 1082 ubi
1628 1048 1747 1095 prefati
1777 1051 1881 1082 nostri
1913 1047 2100 1082 creditores
2120 1047 2236 1093 elapso

362 1114 448 1146 dicto
479 1124 566 1146 anno
598 1115 704 1158 primo
735 1113 789 1145 vel
818 1112 979 1145 secundo.
1012 1114 1041 1144 in
1073 1121 1271 1156 quocunque
1303 1116 1464 1157 tempore.
1496 1114 1656 1156 pecunias
1686 1110 1786 1144 debiti
1816 1113 1865 1144 sui
1889 1110 2027 1144 ulterius
2047 1113 2236 1155 expectare

363 1174 500 1207 nollent.
531 1185 589 1207 seu
622 1185 685 1207 non
717 1178 866 1218 possent.
902 1177 1024 1206 extunc
1056 1172 1138 1206 infra
1170 1173 1234 1205 duo
1266 1183 1399 1205 menses
1428 1172 1663 1206 admonicione
1694 1175 1841 1218 ipsorum
1872 1170 1969 1205 nobis
1999 1170 2098 1213 facia,
2129 1169 2237 1204 dictas

359 1238 519 1280 pecunias
549 1247 610 1268 nna
642 1246 715 1268 eum
748 1246 849 1268 censu
896 1239 1023 1267 retento
1061 1244 1120 1279 pro
1150 1238 1219 1266 rata
1251 1236 1422 1278 temporis.
1454 1236 1532 1279 ipsis
1563 1232 1625 1266 tide
1656 1244 1718 1278 qua
1749 1244 1862 1279 supra.
1894 1236 1991 1278 prout
2020 1233 2234 1278 promittitur,

359 1297 569 1333 integraliter
598 1301 628 1329 et
660 1296 825 1342 complete
856 1298 1076 1341 promittimus
1107 1299 1137 1327 et
1168 1293 1328 1327 detwinus
1359 1294 1578 1328 effectualiter
1608 1297 1784 1339 assignare
1814 1298 1846 1327 et
1876 1297 2030 1340 prestare
2050 1295 2122 1326 sine
2142 1293 2235 1325 omni

361 1358 644 1392 contradiccione.
677 1357 771 1398 Quod
803 1360 829 1390 si
862 1368 926 1390 non
959 1356 1151 1389 fecerimus.
1183 1360 1307 1388 extunc
1337 1358 1445 1388 statim
1477 1356 1599 1400 elapsis
1626 1356 1721 1388 dictis
1742 1354 1872 1388 duobus
1894 1353 2064 1388 mensibus
2085 1351 2235 1399 prefatus

362 1419 483 1465 (iydlm
514 1424 542 1451 et
576 1418 674 1452 Elslza
707 1430 793 1452 uxor
823 1429 892 1451 sua.
933 1418 985 1450 vel
1017 1417 1069 1450 illc
1099 1419 1152 1461 qui
1185 1421 1359 1462 presentes
1390 1416 1541 1450 babuerit
1573 1417 1613 1449 de
1645 1420 1791 1462 ipsorum
1822 1415 2006 1457 voluntate,
2036 1416 2236 1447 auctoritate

362 1484 494 1526 propria
526 1481 579 1513 vel
610 1492 683 1513 cum
714 1483 782 1513 suis
813 1482 987 1512 maiorum.
1025 1482 1055 1511 et
1094 1480 1293 1510 auctoritate
1323 1482 1449 1512 nostra.
1488 1489 1585 1523 quam
1627 1480 1706 1523 ipsis
1745 1482 1776 1510 et
1806 1480 1954 1523 ipsorum
1984 1475 2120 1509 cuilibet
2148 1485 2234 1520 pre—

362 1541 511 1575 sentibus
542 1541 645 1575 libere
676 1542 791 1574 damus
823 1545 852 1573 et
893 1542 1115 1583 assignamus
1156 1538 1308 1572 homines
1338 1544 1471 1573 nostros
1501 1539 1677 1572 censuales
1721 1539 1881 1572 duntaxat
1911 1542 1941 1571 et
1973 1536 2058 1571 bona
2089 1534 2236 1581 quelibet

364 1602 494 1636 mobilia
540 1608 569 1635 et
615 1602 792 1636 immobilia
838 1601 1026 1646 ubicunque
1070 1600 1231 1633 locorum.
1272 1603 1346 1633 sive
1385 1603 1417 1634 in
1454 1599 1655 1638 civitatibus,
1696 1599 1836 1645 oppidis.
1878 1598 1978 1641 villis,
2009 1602 2064 1631 aut
2093 1599 2234 1643 campis,

361 1669 542 1698 ari-estare.
575 1664 737 1697 detinere.
781 1674 948 1708 occupare
979 1666 1008 1695 et
1047 1663 1272 1707 impiffliorare
1304 1664 1445 1706 poterint
1477 1661 1610 1696 tamdiu,
1652 1672 1827 1706 quousque
1867 1659 2012 1694 debitum
2052 1657 2236 1705 principale

362 1738 422 1759 nna
455 1738 528 1759 cnm
560 1725 715 1758 censibus
746 1727 884 1757 retentis
924 1736 962 1756 ac
993 1722 1145 1756 omnibus
1184 1723 1312 1755 damnis
1353 1725 1533 1755 occasione
1564 1733 1627 1755 non
1659 1722 1840 1755 solucionis
1871 1723 2113 1767 premissorum
2143 1729 2236 1764 quo-

362 1787 537 1820 modolibet
584 1789 778 1819 contractis.
824 1797 886 1830 que
927 1784 990 1817 lide
1035 1784 1136 1822 iliano
1181 1787 1306 1829 possint
1352 1783 1574 1816 demonstrari
1619 1785 1820 1817 testimonio.
1867 1781 2076 1827 integraliter
2114 1780 2238 1814 fuerint

362 1848 528 1893 persoluta
573 1859 646 1880 eum
679 1848 808 1880 etl'eetu.
851 1849 1088 1879 renunciantes
1127 1844 1341 1877 nibilominus
1380 1847 1468 1877 omni
1498 1846 1562 1888 juri
1594 1848 1624 1877 ct
1655 1847 1784 1877 aceioni
1818 1843 1907 1877 cix-iti
1938 1847 1968 1876 et
2000 1841 2175 1888 spirituali,
2207 1843 2235 1874 si

359 1921 422 1954 «pie
455 1908 547 1942 nobisv
578 1912 757 1941 occasione
789 1911 1028 1953 premissorum
1060 1910 1266 1951 ‹·oinpi,·te1·et
1299 1917 1356 1938 seu
1388 1910 1583 1951 competere
1615 1910 1726 1951 posset
1749 1903 2001 1950 (pioniodolibet
2022 1906 2052 1937 in
2075 1902 2232 1936 futui-um.

363 1971 518 2002 t‘eternni
559 1970 723 2002 adiectum
765 1973 811 2001 est
854 1980 912 2013 per
953 1968 1074 2000 dietum
1113 1966 1325 2011 Gydkonem.
1363 1967 1449 2011 quod
1481 1969 1506 2000 si
1539 1970 1642 2011 ipsum
1675 1970 1764 2012 prius
1795 1969 1878 1999 mori
1910 1967 2103 2009 contigerit,
2134 1973 2234 2009 quam

361 2032 481 2063 ‹lu-tuin
522 2031 665 2063 debitum
705 2030 917 2075 persolv-dur
956 2033 984 2060 et
1025 2032 1093 2073 ipse
1130 2027 1210 2060 alias
1250 2027 1455 2060 voluntatem
1496 2039 1587 2061 suam
1629 2039 1693 2061 uon
1726 2029 1914 2063 mutaverit,
1960 2030 2085 2060 extunc
2116 2027 2235 2070 viginti

364 2104 493 2124 mareas
531 2103 726 2128 grossorum
767 2091 807 2124 de
839 2091 926 2123 dieto
958 2089 1080 2123 debito.
1113 2100 1193 2134 quas
1224 2089 1373 2134 prel'atus
1404 2088 1525 2134 Gyttko
1556 2093 1689 2122 nomini}
1720 2091 1907 2122 testamenti
1938 2099 1998 2133 pro
2028 2088 2235 2120 monasterio

363 2158 475 2185 nostro
506 2153 674 2197 deputavit
716 2157 745 2183 et
786 2152 917 2197 deputat
960 2163 1019 2197 per
1059 2155 1244 2196 presentes.
1284 2150 1367 2194 apud
1411 2155 1557 2184 nostrum
1590 2153 1827 2183 monasterium
1859 2148 2027 2183 debebunt
2056 2157 2235 2182 remanere

363 2219 392 2246 et
434 2226 492 2246 nee
534 2214 660 2259 prel'ata
703 2213 800 2246 tiistan
844 2224 928 2245 uxor
967 2224 1037 2245 sna.
1079 2223 1139 2245 nee
1177 2211 1229 2244 ille
1268 2222 1324 2243 seu
1358 2211 1411 2244 illi.
1443 2214 1496 2256 qni
1528 2216 1701 2257 presentes
1733 2211 1844 2244 literas
1878 2209 2065 2252 habuerint7
2096 2211 2186 2255 ipsas
2215 2219 2233 2240 a

365 2276 458 2308 nobis
491 2280 641 2320 poterunt
675 2275 854 2320 postulare.
888 2277 947 2306 nisi
981 2277 1050 2319 ipse
1072 2272 1193 2317 Gydtm
1224 2272 1443 2306 donacionem
1476 2277 1505 2305 et
1529 2272 1732 2305 x‘oluutatein
1756 2271 1944 2305 huiusmodi
1967 2281 2045 2304 suas
2070 2279 2236 2315 expresse

363 2343 551 2369 reios-aret.
583 2340 634 2369 eui
667 2348 768 2381 super
798 2335 872 2368 boe.
905 2338 929 2368 si
962 2335 1115 2368 voluerit.
1149 2334 1245 2379 plena
1278 2338 1423 2379 potestas
1457 2338 1654 2366 vesei-vaun-
1684 2338 1712 2365 et
1743 2336 1769 2365 si
1800 2333 1907 2365 dictos
1948 2330 2149 2377 Gydkonem
2180 2329 2237 2363 vel

364 2409 502 2430 uxorein
537 2409 627 2430 suain
659 2409 705 2430 sie
739 2397 922 2429 vehemens
954 2398 1145 2441 preveniret
1187 2394 1370 2428 infirmitas.
1402 2394 1487 2438 quod
1520 2393 1783 2427 obmutescemlo
1815 2403 1980 2438 expresse
2010 2396 2043 2425 ct
2072 2390 2236 2435 intelligi—

364 2457 470 2490 biliter
502 2464 674 2502 presentes
705 2458 817 2491 literas
857 2458 936 2490 dare
969 2457 1019 2489 wi
1051 2459 1259 2489 committere
1291 2466 1353 2488 nou
1387 2460 1534 2500 possent.
1566 2460 1690 2488 extunc
1721 2466 1780 2500 per
1810 2457 1943 2492 sifflunn
1975 2453 2165 2486 titillacione
2194 2450 2236 2485 ad

363 2530 492 2551 inanum
526 2531 581 2550 seu
615 2519 754 2563 palmam
797 2519 900 2551 aleius
941 2529 1036 2562 :pieni
1069 2516 1128 2550 sibi
1159 2520 1321 2549 astantem
1361 2519 1557 2549 attraxerint
1600 2519 1800 2549 intrinsecus
1838 2515 1973 2549 l'aetum.
2013 2515 2236 2559 prescriptum

363 2579 509 2612 debitum
543 2583 682 2624 poterint
715 2580 887 2624 deputare.
920 2584 947 2609 et
982 2579 1033 2611 ille
1065 2577 1180 2611 babeat
1210 2579 1265 2620 jus
1295 2580 1442 2610 oninium
1466 2580 1718 2622 premissorum.
1753 2576 1786 2609 ln
1809 2586 1949 2621 qnorum
1972 2577 2117 2608 omnium
2139 2572 2237 2607 sidem

363 2644 393 2671 et
434 2644 654 2672 testimonium
694 2640 799 2677 sigilla
839 2644 951 2672 nostra
993 2639 1147 2672 videlieet
1187 2638 1316 2670 abbatis
1351 2642 1380 2669 et
1423 2642 1610 2670 conventus
1652 2637 1692 2670 de
1731 2641 1842 2670 nostra
1886 2640 1976 2669 certa
2015 2637 2161 2668 sciencia
2205 2637 2238 2666 et

367 2700 537 2733 voluntate
569 2701 778 2745 presentibus
810 2705 882 2733 snut
914 2711 1073 2745 appensa.
1107 2699 1223 2732 Datum
1257 2702 1286 2732 in
1319 2701 1522 2731 monasterio
1545 2698 1742 2731 (li-adicensi
1772 2697 1965 2742 supradicto
1994 2707 2081 2729 anno
2111 2694 2236 2729 domini
