2347 3153
1246 241 1315 275 llS

347 358 431 393 pape
460 346 547 381 idem
577 347 707 380 auditor
735 347 876 381 relaxet.
907 350 934 380 si
964 351 994 380 et
1025 350 1120 391 prout
1150 346 1190 379 de
1224 346 1300 388 jure
1330 349 1360 377 et
1385 346 1550 388 justiciam
1583 344 1692 377 faciat.
1724 342 2008 388 Quarumquidem
2038 345 2207 376 commis-

348 411 478 441 sionum
508 410 629 452 vigore
658 418 717 453 per
746 418 807 440 nos
837 410 866 440 in
906 418 1007 440 causa
1046 411 1076 439 et
1115 408 1223 439 causis
1263 404 1449 438 huiusmodi
1485 403 1524 436 ad
1562 403 1740 437 nonnullos
1778 408 1871 437 actus
1907 403 2084 447 judiciales
2122 405 2204 436 citra

349 473 457 501 tamen
488 468 734 501 conclusionem
766 478 926 513 processo
954 466 1198 511 subsequenter
1233 476 1316 498 vero
1345 465 1430 498 idem
1462 464 1614 497 dominus
1643 468 1759 496 noster
1796 474 1881 509 papa
1912 463 2078 508 quandam
2106 463 2205 497 aliam

348 531 592 561 commissionis
620 532 692 561 sive
721 528 976 573 supplicacionis
1011 526 1162 560 cedulam
1192 525 1288 559 nobis
1318 536 1377 570 per
1406 529 1532 557 certum
1562 535 1655 557 suum
1686 534 1859 557 cursorem
1901 527 2087 569 presentari
2126 523 2206 558 fecit-

350 589 535 622 huiusmodi
565 588 625 621 sub
655 593 791 621 tenore:
823 587 1018 620 Beatissimo
1048 591 1144 632 pat-er
1172 586 1291 619 dudum
1323 596 1348 618 s.
1381 596 1412 618 v.
1443 595 1576 617 causam
1608 588 1638 617 et
1668 594 1788 617 causas
1810 583 2040 617 nonnullarum
2064 588 2207 630 preten-

348 660 459 683 sarum
488 649 725 695 appellacionis
755 653 783 681 et
821 648 1085 693 appellat-ionum
1120 650 1149 679 in
1188 645 1335 692 partibus
1372 649 1407 678 ut.
1443 644 1616 678 dicebatur
1653 647 1924 690 interpositarum
1964 649 1996 677 et
2032 655 2072 678 ac
2101 647 2207 679 tocius

348 713 479 754 negocii
513 710 714 755 principalis.
745 720 807 753 que
838 707 1052 741 vertebantur
1081 718 1140 740 seu
1172 709 1257 739 verti
1287 710 1318 739 et
1350 716 1426 739 esse
1454 704 1676 750 sperabantur
1704 708 1790 738 inter
1819 707 2026 750 prepositum
2055 709 2088 738 et
2107 707 2208 751 capi-

347 770 449 803 tulum
480 775 507 802 et
540 769 729 802 Conrailuni
751 767 937 801 Sinerbcck
961 770 1158 800 canonicum
1181 766 1325 799 ecclesie
1345 769 1450 799 sancti
1472 765 1558 798 Petri
1580 765 1786 799 Brunuensis
1807 765 2042 800 Olomucensis
2063 765 2208 800 diocesis

351 841 391 863 vx
422 834 513 874 Parte
537 840 609 862 una.
641 841 678 861 ac
707 828 917 862 venerabiles
947 833 979 861 et
1008 827 1185 865 religiosas
1214 826 1365 859 dominas
1394 825 1594 859 abbatissam
1621 830 1653 859 et
1672 830 1875 859 conventum
1898 829 2091 860 monasterii
2111 826 2208 860 vallis

348 894 464 923 sancte
495 889 599 923 Μαι-ἰα-
629 889 668 922 de
699 889 851 922 Osslavia
882 888 1115 921 Cisterciensis
1146 887 1271 920 ordinis
1301 887 1387 920 dicte
1417 887 1560 919 diocesis
1589 886 1628 919 ad
1658 889 1852 920 instanciam
1883 889 2043 932 prepositi
2072 886 2205 932 capituli

349 955 378 982 et
409 950 552 984 Conradi
584 951 805 995 predictorum
835 951 1000 982 commisit
1033 948 1222 981 reverendo
1262 950 1345 993 patri
1375 948 1508 980 domino
1546 947 1654 980 electo
1685 946 1942 992 Aquilan(ensi)
1970 949 2057 980 sacri
2087 946 2205 993 palacii
2251 940 2255 945 ¹

349 1010 521 1055 apostolici
553 1021 727 1043 causarum
757 1009 909 1042 auditori.
940 1019 1052 1041 coram
1084 1019 1149 1052 quo
1179 1008 1253 1041 dum
1284 1019 1383 1042 causa
1415 1007 1602 1041 huiusmodi
1631 1007 1777 1041 indecisa
1808 1007 1967 1053 penderet
1997 1007 2094 1041 iidem
2121 1018 2206 1054 pre-

352 1074 475 1115 positus
505 1071 682 1116 capitulum
713 1075 742 1102 et
773 1070 946 1103 Conradus
975 1072 1005 1102 in
1036 1067 1185 1114 partibus
1216 1069 1377 1102 nonuulas
1407 1074 1582 1114 pretensas
1606 1068 1742 1114 penales
1763 1079 1944 1114 processus
1965 1079 2026 1114 per
2044 1069 2206 1114 quosdam

351 1136 523 1176 pri-tensos
553 1135 754 1164 executores
783 1141 840 1163 seu
862 1129 1128 1162 subexecutores
1149 1128 1331 1174 appellatas
1353 1129 1516 1162 adversus
1536 1128 1736 1163 abbatissam
1763 1134 1795 1163 et
1815 1133 2018 1163 conventum
2039 1129 2207 1176 predictas

352 1192 424 1224 licet
465 1192 504 1224 ile
540 1192 627 1224 facto
665 1191 829 1224 fulminari
868 1194 1087 1235 procurarunt
1129 1194 1160 1222 et
1197 1200 1255 1223 eos
1292 1189 1500 1235 postmodum
1541 1194 1572 1223 ut
1611 1190 1729 1223 dicitur
1771 1189 1933 1223 dictorum
1972 1194 2206 1235 pretensorum

353 1263 567 1296 processuum
599 1254 776 1284 occasione
806 1253 1115 1283 excommunicatos
1156 1249 1349 1283 denunciari
1381 1254 1411 1282 et
1450 1261 1507 1283 eas
1544 1254 1725 1294 aggravari
1756 1249 1920 1289 fecerunt,
1952 1261 1969 1283 a
1999 1250 2118 1295 quibus
2147 1261 2207 1284 seu

348 1312 509 1357 aliquibus
538 1316 568 1344 et
604 1315 651 1345 eis
680 1322 740 1356 pro
777 1316 868 1356 parte
906 1310 1074 1343 abbatisse
1108 1315 1138 1343 et
1174 1315 1360 1344 conventus
1399 1311 1622 1356 predictorum
1661 1310 1717 1344 fuit
1757 1311 1795 1344 ad
1836 1311 1952 1344 sedem
1987 1311 2205 1357 apostolicam

348 1373 554 1418 appellatum.
600 1374 711 1413 Quare
751 1383 809 1417 pro
848 1376 942 1417 parte
981 1371 1141 1404 dictorum
1182 1371 1423 1416 appellancium
1459 1372 1685 1417 snpplicainur
1720 1383 1746 1405 s.
1777 1383 1823 1405 v..
1865 1376 2027 1416 quatenus
2055 1371 2205 1418 predicto

353 1434 486 1466 domino
516 1433 622 1466 electo
652 1438 680 1465 et
712 1433 850 1466 auditori
881 1443 1013 1465 causam
1051 1432 1290 1478 appellacionis
1329 1437 1359 1465 et
1398 1432 1659 1477 appellacionum
1696 1431 1881 1465 huiusmodi
1917 1442 2048 1466 necnon
2081 1436 2207 1466 attem-

350 1499 510 1538 ptaturum
542 1498 778 1539 premissorum
810 1496 989 1526 occasione
1019 1497 1166 1525 ortorum
1198 1503 1237 1525 ac
1258 1495 1362 1525 eciam
1394 1493 1550 1526 nullitatis
1580 1495 1756 1537 iniquitatis
1787 1497 1816 1525 et
1847 1495 2012 1526 iniusticie
2040 1503 2207 1538 quorum-

348 1565 478 1598 eunque
500 1564 715 1599 processuum
738 1557 974 1599 premissorum
997 1554 1176 1586 occasione
1199 1553 1362 1585 adversus
1384 1553 1488 1586 dictas
1509 1552 1708 1586 abbatissam
1731 1557 1761 1585 et
1783 1557 1985 1587 conventum
2007 1556 2205 1587 emissorum

348 1617 555 1647 committere
584 1614 764 1657 dignemini
795 1616 994 1646 coniunctim
1026 1618 1055 1645 et
1098 1613 1228 1646 divisim
1269 1612 1423 1646 audiendi
1463 1613 1636 1647 decidendi
1674 1625 1713 1646 ac
1754 1613 1817 1647 line
1856 1612 1966 1647 debito
2006 1612 2205 1647 terminandi

348 1685 420 1707 cuiu
452 1674 603 1707 omnibus
632 1679 661 1705 et
692 1675 831 1715 siugulis
867 1676 1091 1711 emergent-iis
1134 1673 1326 1706 incidenciis
1367 1678 1397 1706 et
1432 1677 1595 1707 connexis
1624 1678 1655 1707 et
1693 1685 1765 1707 cum
1806 1678 1970 1720 potestate
2007 1673 2204 1708 absolvendi

346 1746 403 1767 eos
433 1747 448 1766 a
479 1734 730 1779 quibuscunque
760 1738 910 1767 censuris
941 1737 1178 1778 premissorum
1210 1737 1389 1767 occasione
1420 1734 1599 1768 fulminatis
1629 1739 1659 1768 et
1691 1735 1866 1769 interdicti.
1897 1738 1922 1768 si
1944 1737 2049 1780 posita
2071 1733 2205 1777 fuerint,

347 1795 530 1830 relaxandi,
560 1799 585 1828 si
616 1800 645 1827 et
677 1801 770 1840 prout
802 1796 842 1828 de
867 1797 943 1839 jure
974 1795 1068 1828 l'uerit
1101 1794 1299 1828 faciendum.
1332 1798 1503 1840 premissis
1541 1800 1573 1828 et
1600 1795 1672 1829 aliis
1702 1798 1732 1828 in
1762 1798 1966 1828 contrarium
2007 1794 2204 1829 facientibus

348 1866 410 1888 non
441 1854 645 1889 obstantibus
674 1856 936 1900 quibuscunque.
977 1867 1048 1889 cuni
1081 1860 1192 1901 partes
1231 1858 1260 1888 iu
1302 1866 1438 1888 romana
1477 1859 1567 1890 curia
1606 1859 1668 1890 siut
1706 1855 1912 1889 sullicienter
1952 1859 2138 1901 presentes.
2169 1855 2206 1890 ln

347 1916 409 1948 line
449 1927 530 1948 vero
568 1916 654 1949 dicte
692 1920 936 1949 commissionis
974 1920 1047 1949 siv«-
1084 1916 1340 1961 supplicacionis
1378 1916 1496 1949 cedule
1541 1919 1662 1962 scripta
1701 1921 1794 1949 erant
1833 1916 1873 1948 de
1911 1915 2048 1949 alterius
2085 1926 2202 1950 manus

346 1975 450 2008 litera.
480 1979 642 2021 superiori
675 1977 768 2009 litere
799 1980 900 2022 ipsius
930 1977 1046 2009 evanti·
1075 1980 1204 2022 penitus
1235 1981 1263 2009 et
1296 1980 1429 2010 omnino
1459 1977 1606 2010 dissimili
1637 1982 1667 2010 et
1697 1977 1842 2010 diversa.
1874 1976 1936 2010 bec
1967 1975 2070 2009 verba
2100 1976 2202 2010 vide-

346 2037 439 2068 lieet:
472 2036 519 2069 Du·
550 2037 702 2070 inundato
733 2038 854 2071 ‹loinini
886 2041 987 2071 nostri
1019 2049 1103 2084 pape
1137 2038 1221 2070 idem
1253 2038 1379 2070 electus
1409 2037 1561 2071 absolvat
1592 2042 1620 2069 et
1654 2037 1793 2071 relaxet.
1824 2040 1850 2070 si
1881 2042 1911 2070 et
1944 2041 2040 2083 prout
2069 2036 2204 2081 dejure

345 2101 374 2128 et
400 2098 566 2138 justiciam
598 2098 705 2130 l'aciat.
737 2099 971 2143 ('uiusquidein
1003 2100 1213 2131 comissionis
1245 2101 1363 2142 vigore
1392 2109 1453 2132 nos
1484 2102 1513 2131 in
1544 2109 1642 2131 causa
1665 2103 1693 2131 et
1716 2100 1824 2131 causis
1847 2097 2033 2131 huiusmodi
2056 2097 2204 2143 legitime

347 2158 566 2201 procedentes
595 2159 633 2191 ad
665 2159 797 2191 disereti
830 2162 891 2192 viri
923 2163 1071 2197 magistri
1103 2159 1275 2192 Willielmi
1308 2159 1374 2192 Leo
1405 2162 1434 2192 iu
1475 2170 1609 2192 romana
1640 2162 1730 2192 curia
1766 2163 1794 2190 et
1835 2159 1997 2192 dictarum
2036 2156 2204 2192 abbatisse

347 2223 374 2247 et
407 2223 591 2251 conventus
622 2223 813 2252 monasterii
845 2223 875 2252 iu
906 2221 1041 2252 tistavia
1065 2219 1292 2265 principalium
1317 2223 1544 2265 procuratoris
1578 2218 1740 2252 substituti
1763 2230 1823 2264 per
1844 2218 2072 2252 honorabilem
2094 2221 2201 2253 virum

348 2282 538 2312 {nagistrum
569 2278 744 2312 Gerlaeuiu
785 2281 824 2312 ile
865 2279 962 2313 Eseli.
1000 2281 1166 2313 literarum
1210 2280 1468 2325 apostolicarum
1504 2283 1701 2325 scriptorem
1739 2280 1920 2312 earundem
1965 2278 2134 2313 abbatisse
2171 2282 2203 2312 et

349 2344 534 2370 voum-utu.-
566 2345 814 2383 procuratori-in
856 2344 1067 2374 coustitutum
1108 2343 1301 2374 instanciam
1341 2340 1519 2373 discretum
1564 2342 1669 2372 virum
1707 2342 1901 2378 nmeistrum
1944 2339 2132 2374 Jobannein
2162 2338 2204 2373 de

346 2398 531 2431 Scriunuis.
565 2411 592 2431 ui
623 2401 738 2432 eadem
770 2403 860 2433 curia
891 2405 919 2431 et
952 2402 1111 2434 ‹tu-iorum
1143 2402 1350 2434 dominorum
1382 2403 1539 2445 prepositi
1569 2404 1598 2432 et
1630 2400 1760 2444 capituli
1791 2412 1831 2433 ac
1859 2400 2005 2434 Conrudi
2035 2397 2203 2434 Smerbek

345 2469 493 2490 canonici
524 2460 666 2491 eecli-›u-
697 2464 799 2493 saneti
833 2460 916 2493 l'etri
950 2461 1152 2494 lli-utinensis
1183 2462 1416 2495 (llouuicensis
1445 2461 1589 2494 diocesis
1618 2471 1659 2493 ex
1690 2461 1838 2493 adverso
1864 2460 2096 2507 principalium
2117 2470 2203 2506 pro-

344 2523 543 2551 ‹·iii·atoreiii.
588 2521 626 2551 ad
669 2521 844 2553 xisti-nulum
884 2527 912 2551 et
953 2523 1148 2555 audwuduui
1188 2533 1246 2567 per
1285 2533 1345 2555 uos
1383 2524 1412 2555 in
1450 2521 1637 2554 liuiusinoili
1677 2532 1776 2554 eausa
1822 2520 1974 2555 inhibere
2015 2525 2048 2554 et.
2085 2520 2199 2555 literas
2241 2534 2246 2540 ·

347 2577 551 2610 intubum-12·-
582 2580 620 2611 :ul
653 2585 761 2624 partes
793 2580 977 2613 ulei-eruerae¹
1009 2593 1065 2626 per
1093 2587 1220 2615 eertum
1252 2582 1372 2615 domini
1404 2585 1507 2615 nostri
1539 2592 1622 2626 pape
1651 2593 1822 2615 cursorem
1854 2585 1948 2615 citari
1971 2581 2202 2616 mandavimus

346 2642 376 2669 et
399 2638 535 2670 lecimus
557 2640 594 2670 aii
617 2640 701 2671 ‹liu-ui
724 2645 751 2670 et
777 2640 890 2673 boi-ain
914 2642 1050 2673 interius
1077 2646 1276 2675 annotatum.
1308 2641 1569 2687 Quiluisquidein
1598 2642 1650 2675 die
1671 2647 1699 2674 et
1733 2644 1812 2675 liora
1840 2641 2094 2678 advenientibus
2113 2651 2203 2675 con-

347 2701 476 2730 stitutus
507 2710 617 2731 eoi-:uu
651 2700 742 2731 uobis
774 2701 856 2732 iden·
889 2706 1045 2736 magister
1077 2702 1275 2736 willielmus
1307 2702 1372 2735 Leo
1402 2707 1599 2748 procurator
1637 2703 1804 2747 predictus
1835 2706 1967 2736 uouiine
1996 2713 2060 2747 quo
2089 2711 2201 2748 supra,

2339 868 2347 1025 &scald-⁴⁴..
