2347 3153
1261 206 1333 239 :394

363 314 461 346 alicui
501 313 596 346 alteri
636 324 677 346 ex
715 312 789 345 dicti
829 315 935 345 vestri
974 311 1146 356 apostolici
1187 321 1364 343 causarum
1403 310 1523 355 palacii
1559 310 1702 343 auditori
1741 312 1951 343 committere
1989 308 2173 354 dignemini
2202 312 2233 342 et

361 374 531 408 mandare.
577 378 607 406 ut
651 376 694 406 si*
721 376 882 418 premissa
928 374 1069 405 veritate
1108 371 1216 404 fulciri
1256 374 1414 416 reperiat.
1449 374 1540 416 ipsos
1579 370 1619 404 ab
1658 370 1813 405 omuibus
1843 375 1875 403 ct
1904 370 2045 415 singulis
2075 372 2171 416 penis
2202 374 2235 403 et

359 438 511 469 censuris
543 434 742 478 hujusmodi.
773 434 900 478 absque
932 435 1144 465 intimacione
1174 431 1282 476 aliqua
1313 431 1352 464 ad
1384 436 1496 477 partes
1526 431 1646 475 fienda,
1677 432 1872 477 simpliciter
1901 431 1957 465 vel
1986 431 2026 465 ad
2056 430 2235 472 cautelam,

360 501 522 541 quatenus
552 495 720 541 expediat.
761 494 913 527 absolvat
953 498 983 525 et
1020 492 1230 526 interdictum
1272 495 1302 525 in
1341 492 1465 526 dictum
1505 496 1744 527 monasterium
1784 492 1880 527 vallis
1910 497 2026 526 sancte
2053 491 2162 526 Marie
2192 490 2233 525 de

363 558 500 591 Oslavia
531 561 560 590 et
593 559 622 589 iu
653 556 734 589 locis
771 556 855 588 aliis.
894 554 1002 599 adque
1041 556 1131 599 ipsos
1169 553 1223 586 vel
1260 553 1400 587 alterum
1439 556 1585 599 ipsorum
1625 554 1796 588 declinare
1836 556 2060 599 contingeret,
2089 555 2231 599 positum

362 618 504 651 relaxet.
543 616 840 650 constitucionibus
879 614 1070 660 apostolicis
1108 614 1182 647 stilo
1218 614 1336 659 palacii
1376 615 1517 660 predicti
1555 627 1595 649 ac
1631 615 1702 649 aliis
1745 618 1776 648 in
1806 617 2011 648 contrarium
2041 614 2137 648 editis
2165 624 2232 648 non

363 678 570 712 obstantibus
600 676 863 722 quibuscunque.
904 681 933 708 et
974 678 1000 708 si
1039 675 1147 720 placet
1177 678 1429 710 committantur
1467 676 1611 710 dominis
1642 676 1787 719 Brande,
1826 679 1878 710 cui
1918 676 2041 710 domini
2070 674 2234 709 Johannis

364 739 510 773 Gascow
550 744 602 771 aut
634 738 771 771 Nicotao
802 737 936 770 Viurdis.
973 739 1024 769 cui
1061 736 1185 770 domini
1214 736 1378 770 Jcronimi
1416 737 1602 771 auditorum
1642 737 1869 784 predictorum
1900 741 2039 783 propter
2067 747 2184 770 eorum
2215 747 2232 769 a

363 811 498 833 romana
530 803 620 832 curia
651 798 845 832 absencium
877 809 978 831 cause
1008 802 1084 831 sunt
1113 800 1304 831 commisse.
1336 797 1372 832 ln
1403 798 1467 832 fine
1497 810 1581 832 vero
1611 798 1699 832 dicte
1729 801 1976 832 commissionis
2005 800 2078 832 sive
2103 797 2235 844 suppli-

363 864 510 894 cucumis
540 860 656 893 cedule
686 862 808 904 scripta
839 863 931 892 erant
963 858 1003 891 de
1033 859 1169 892 alterius
1200 869 1317 892 manus
1349 859 1454 892 litera.
1494 862 1660 905 superiori
1691 860 1785 893 litere
1819 862 1922 905 ipsius
1957 858 2075 892 cedule
2104 861 2235 905 penitus

363 927 392 955 et
424 924 558 954 omnino
589 920 736 954 dissimili
767 924 796 953 et
828 920 975 957 diversa,
1007 919 1068 952 bec
1099 918 1203 953 verba
1226 920 1404 954 videlicet:
1450 920 1500 954 De
1523 920 1678 954 mandato
1700 920 1823 954 domini
1844 923 1950 954 nostri
1970 931 2055 966 pape
2077 919 2235 954 informet

363 983 403 1016 dc
439 984 601 1027 expositis
642 984 802 1025 magister
830 979 990 1014 Nicotaus
1020 979 1145 1014 Vordis
1181 985 1211 1014 ct
1248 983 1274 1014 si
1313 984 1466 1027 exposita
1505 984 1569 1015 sint
1606 993 1703 1018 vera,
1743 980 1908 1023 absolvat,
1947 984 1975 1015 si
2004 985 2037 1014 et
2065 984 2164 1027 prout
2192 979 2233 1014 de

359 1045 434 1087 jure
465 1048 494 1076 et
526 1043 654 1075 relaxet
685 1041 811 1087 absque
841 1044 1057 1075 intimacione
1091 1041 1244 1075 facienda
1281 1047 1312 1075 et
1345 1043 1514 1086 justiciam
1545 1041 1656 1076 faciat.
1714 1041 1952 1087 Cujusquideni
1984 1043 2232 1075 commissionis

366 1108 486 1147 vigore
524 1114 584 1136 nos
623 1103 663 1136 ad
701 1103 830 1148 providi
869 1105 933 1135 viri
970 1105 1119 1147 magistri
1150 1102 1322 1136 willielmi
1362 1102 1429 1136 Leo
1469 1106 1500 1136 iii
1540 1114 1678 1136 romana
1717 1106 1810 1137 curia
1849 1107 1880 1136 et
1918 1101 2161 1136 honorabilium
2200 1106 2233 1135 et

362 1166 582 1199 discretorum
614 1168 762 1198 virorum
801 1164 1010 1197 dominorum
1042 1162 1172 1197 Nicolai
1202 1163 1336 1199 l‘olack.
1376 1162 1504 1197 Nicolai
1536 1163 1747 1209 lVaygelini.
1777 1163 1889 1208 Egidii
1918 1168 1951 1197 et
1979 1162 2160 1197 Christiani
2191 1162 2233 1197 de

361 1227 494 1260 Brunna
535 1225 810 1271 presbyterorum
843 1224 1078 1258 Oloniucensis
1108 1225 1252 1258 diocesis
1290 1226 1521 1271 principalium
1561 1228 1594 1259 in
1633 1225 1718 1259 dicta
1748 1224 1845 1259 nobis
1880 1224 1966 1259 sacta
1996 1226 2234 1258 commissione

360 1287 587 1334 principaliter
617 1290 862 1320 nominatorum
893 1289 1134 1332 procuratoris
1165 1290 1263 1332 prout
1300 1286 1341 1319 de
1379 1296 1439 1320 suo
1479 1289 1732 1331 procuracionis
1771 1286 1927 1320 mandato
1957 1296 2001 1319 ex
2030 1288 2113 1319 actis
2147 1296 2234 1319 cau-

361 1359 470 1381 sarum
503 1347 691 1391 hujusmodi
722 1347 817 1381 nobis
846 1347 1007 1391 legitimis
1037 1346 1211 1380 constabat
1250 1346 1471 1389 documentis
1503 1350 1697 1380 instanciam
1730 1346 1961 1380 honorabilem
1991 1350 2021 1380 ct
2051 1346 2232 1380 disci-etum

363 1412 468 1442 virum
501 1411 697 1453 magistrum
720 1408 910 1442 Conradum
942 1407 983 1441 de
1005 1407 1128 1454 Lapidc
1158 1412 1425 1453 procuratorem,
1457 1419 1517 1453 per
1547 1408 1727 1441 discretum
1757 1410 1865 1441 virum
1898 1410 2093 1452 magistrum
2115 1405 2231 1441 Geor-

363 1475 453 1512 gium
489 1470 530 1503 de
560 1468 744 1503 Gewiczka
785 1472 815 1502 in
855 1469 940 1502 dicta
978 1480 1116 1502 romana
1153 1472 1243 1502 curia
1283 1473 1313 1502 et
1350 1469 1557 1515 prelatorum
1596 1470 1805 1503 dominorum
1836 1468 1999 1503 Bernardi
2037 1468 2166 1502 abbatis
2194 1479 2234 1502 ac

366 1532 503 1566 Ditwini
534 1534 694 1577 prepositi
724 1531 956 1576 principalium
987 1542 1030 1564 ex
1060 1531 1207 1564 adverso
1237 1533 1343 1564 eciam
1365 1534 1396 1564 in
1418 1531 1503 1564 dicta
1526 1530 1620 1564 nobis
1642 1530 1728 1564 facia
1750 1533 1988 1564 commissione
2008 1527 2236 1576 principaliter

365 1597 608 1628 nominatorum
646 1597 900 1638 procuratorem
940 1592 1155 1638 principalem
1194 1592 1233 1625 ad
1272 1592 1357 1625 hanc
1396 1603 1530 1626 causam
1570 1591 1795 1627 substitutum.
1825 1591 1866 1625 de
1895 1602 2037 1637 quorum
2067 1593 2235 1626 constitu-

365 1658 469 1688 cionis
499 1659 529 1687 ct
560 1653 809 1687 substitucionis
840 1654 1002 1687 mandatis
1031 1653 1188 1697 legitimis
1218 1664 1261 1686 ex
1291 1656 1373 1686 actis
1402 1664 1579 1686 causarum
1602 1652 1789 1686 huiusmodi
1809 1651 1992 1698 apparebat
2012 1651 2235 1686 documentis.

364 1716 403 1749 ad
444 1715 618 1749 dicendum
656 1719 686 1747 et
726 1714 973 1760 opponendum.
1004 1714 1160 1759 quidquid
1199 1714 1313 1748 dicere
1353 1726 1411 1748 seu
1441 1725 1615 1760 opponere
1644 1713 1778 1747 volebat
1808 1713 1915 1747 verbo
1943 1712 2000 1747 vel
2029 1716 2060 1747 in
2090 1715 2235 1759 scriptis.

365 1782 479 1810 contra
519 1776 700 1822 predictam
737 1778 1009 1809 commissionem
1050 1775 1146 1808 nobis
1186 1774 1306 1808 factam
1344 1780 1373 1809 et
1413 1780 1638 1821 presentatam
1676 1778 1707 1809 in
1739 1775 1801 1808 bac
1831 1785 1944 1810 causa.
1974 1785 2034 1820 per
2063 1784 2162 1807 unum
2192 1784 2236 1807 ex

365 1838 485 1871 domini
516 1840 618 1871 nostri
650 1848 735 1883 pape
764 1836 958 1869 cursoribus
979 1839 1073 1870 citari
1096 1836 1327 1870 mandavimus
1349 1841 1380 1869 et
1401 1836 1541 1870 fecimus
1562 1836 1602 1870 ad
1624 1841 1751 1869 certum
1773 1838 2035 1882 peremptorium
2058 1837 2234 1869 terminum

365 1903 623 1944 competentem.
655 1898 690 1931 lu
721 1897 922 1943 quoquidi-m
960 1900 1103 1931 termino
1143 1909 1202 1943 per
1232 1898 1457 1943 supradictum
1490 1900 1686 1941 magistrum
1717 1896 1935 1930 wilhelmum
1966 1895 2033 1929 Leo
2062 1906 2234 1942 procura—

367 1964 471 1993 torem
514 1963 646 1993 nomine
685 1961 917 2004 procuratorio
953 1970 1018 2003 quo
1056 1970 1156 2004 supra
1196 1959 1352 1992 antedicti
1393 1961 1542 1998 magistri
1581 1958 1724 1992 Conradi
1762 1957 1802 1991 ‹le
1839 1957 1963 2003 Lapide
2006 1959 2237 2003 procuratoris

367 2021 530 2054 substituti
562 2032 603 2054 cx
635 2021 781 2054 adverso
812 2031 876 2053 non
916 2023 1156 2065 comparentis
1188 2031 1297 2065 neque
1336 2019 1513 2064 quidquam
1551 2019 1658 2053 verbo
1697 2023 1751 2052 aut
1781 2022 1813 2052 in
1843 2021 1976 2065 scriptis
2006 2023 2122 2052 contra
2152 2029 2238 2064 pre-

366 2082 484 2114 ‹lictam
516 2082 611 2115 uobis
642 2085 671 2115 in
703 2093 804 2115 causa
844 2081 1033 2114 huiusmodi
1073 2080 1193 2114 factam
1229 2083 1502 2114 commissionem
1533 2081 1647 2114 dicere
1676 2091 1734 2114 seu
1766 2082 1927 2125 excipere
1957 2082 2117 2122 curantis,
2147 2089 2237 2113 con-

365 2146 505 2175 tumacia
546 2147 714 2176 accusata.
752 2154 790 2175 ac
829 2153 888 2187 per
926 2153 986 2175 nos
1024 2142 1063 2174 ad
1103 2142 1254 2185 ejusdem
1295 2144 1444 2185 magistri
1477 2141 1652 2175 Willielmi
1683 2140 1748 2174 Leo
1780 2143 2009 2186 procuratoris
2039 2142 2233 2174 instanciam

365 2215 423 2248 pro
455 2209 663 2237 contumace.
695 2203 802 2249 quoad
833 2208 942 2236 actum
973 2207 1003 2235 et
1036 2206 1211 2236 terminum
1243 2202 1445 2236 tuiiusmodi.
1476 2202 1643 2236 mediante
1669 2203 1802 2245 justicia
1834 2205 1996 2247 reputato.
2044 2199 2235 2235 Exhibitis—

365 2276 428 2309 que
477 2265 596 2297 tls-iudi·
644 2268 839 2298 successive
897 2275 956 2310 per
1008 2264 1172 2309 prelatum
1223 2266 1417 2307 magistrum
1468 2263 1684 2296 Williclmum
1734 2262 1801 2296 Leo
1859 2266 2113 2308 procuratorem
2170 2272 2235 2307 quo

368 2337 465 2370 ¹supra
507 2330 640 2358 nomine
684 2325 848 2359 nonnullis
893 2328 1120 2358 instrumentis
1164 2324 1304 2370 publicis
1346 2336 1384 2357 ac
1423 2324 1555 2368 juribus
1598 2328 1628 2357 ct
1674 2326 1886 2357 immimentis
1921 2334 2053 2357 necnon
2083 2325 2235 2369 posicio-

366 2386 483 2418 ouibus
514 2392 542 2416 vt
575 2387 721 2419 articulis
753 2398 811 2431 pro
843 2386 1083 2419 verilicacione
1113 2385 1280 2419 antedicto
1310 2385 1406 2419 uobis
1437 2385 1524 2418 facte
1554 2388 1813 2428 connais-sionis,
1844 2396 1976 2418 necnon
2014 2384 2054 2418 ad
2085 2384 2238 2418 effectum

365 2446 615 2479 absoluciomim
647 2460 662 2479 a
697 2450 860 2493 prctcusis
883 2449 1276 2480 excommunicacionum
1300 2449 1482 2479 sentenciis
1513 2449 1542 2479 in
1564 2446 1713 2491 prefatos
1736 2446 1888 2479 dominos
1905 2445 2080 2479 Nicolaum
2102 2443 2239 2479 Polack.

366 2507 537 2540 Nicolaum
572 2509 776 2553 Waygelini.
818 2508 972 2549 Egidium
1013 2513 1043 2541 ct
1083 2508 1309 2541 Christianum
1349 2507 1389 2539 ile
1431 2506 1562 2540 Brutina
1604 2507 1817 2552 principales.
1857 2511 1888 2539 ut
1920 2505 2139 2552 pretenditur,
2169 2505 2243 2539 latis

363 2579 492 2600 necnon
525 2574 553 2600 ut
587 2569 797 2602 interdu-tuni
830 2572 859 2602 iu
892 2569 984 2602 locis.
1017 2569 1142 2613 adque
1174 2572 1262 2614 ipsos
1287 2568 1461 2601 'Nicolaum
1484 2567 1619 2601 l'olack.
1643 2567 1816 2601 Nicolaum
1840 2567 2049 2612 tVaygclini,
2082 2565 2236 2611 Egidium

362 2634 390 2661 ct
423 2629 645 2661 flii-istiauum
678 2631 717 2661 «le
751 2630 881 2662 urinum
914 2629 1114 2675 principales
1154 2630 1323 2675 predictos
1354 2629 1525 2662 declinare
1555 2631 1780 2672 contingeret.
1817 2631 1922 2661 eciam
1954 2633 1986 2661 ut
2016 2627 2234 2674 pretenditur.

365 2693 481 2734 posita.
521 2702 577 2735 pei·
619 2690 845 2723 witer-ubilciu
885 2693 992 2723 virum
1033 2690 1200 2723 dominum
1233 2689 1428 2723 Suiikonem
1466 2689 1644 2723 ol'liciaicm
1676 2690 1935 2722 (llonmccnscm
1966 2688 2006 2722 ad
2038 2691 2233 2722 instanciam
