2347 3153
1291 242 1362 276 152

393 351 590 382 intemerate
620 352 762 393 virginis
802 353 916 382 sancte
953 347 1060 382 Marie
1096 347 1250 391 gloriam.
1281 349 1334 379 cui
1371 357 1432 379 nos
1469 345 1649 390 singularis
1688 345 1884 379 devocionis
1909 346 2038 390 jugiter
2067 344 2260 391 precatibus

393 409 678 443 commendamus.
709 420 772 454 que
811 412 910 443 castis
947 408 1077 453 quidem
1118 406 1305 441 visceribus
1342 406 1468 440 illibata
1505 406 1668 452 pudicicia
1707 409 1926 451 integerrime
1964 411 2167 440 conservata
2199 417 2262 453 pro

393 469 630 516 redempcione
660 469 793 503 humani
824 472 962 514 generis
991 468 1112 502 mundo
1152 467 1251 501 edidit
1287 467 1503 501 salvatorem.
1542 469 1775 500 canonicatum
1805 471 1837 501 et
1865 466 2070 513 prebendam
2100 467 2141 501 de
2169 477 2260 502 novo

394 534 424 564 in
455 531 599 565 ecclesia
630 530 844 563 Olomucensi
876 529 935 562 sub
965 529 1056 562 titulo
1087 531 1191 562 sancti
1222 528 1418 562 VVenceslai
1448 531 1605 571 martiris,
1635 528 1674 562 de
1703 530 1797 562 euius
1826 528 1987 562 altissimo
2017 530 2180 573 sanquine
2199 538 2262 562 nos

393 592 467 625 licet
498 590 624 635 indigni
654 594 817 635 originem
849 592 1010 623 traximus
1049 588 1223 623 fabricata.
1259 600 1324 634 que
1362 593 1468 622 mater
1505 593 1620 622 nostra
1659 594 1689 622 et
1729 592 1835 623 tocius
1872 591 2078 635 principatus
2106 587 2262 623 Moravie

393 652 464 686 fore
508 652 639 686 domina
683 651 866 685 dinoscitur
909 655 939 683 et
983 652 1155 693 magistra,
1199 652 1396 683 auctoritate
1433 649 1603 684 ordinaria
1641 654 1809 695 tamquam
1848 649 2000 684 marchio
2038 655 2071 684 et
2108 650 2262 684 dominus

392 713 544 747 Moravie
574 715 739 757 exigimus
769 722 923 745 creamus
953 711 1092 744 facimus
1124 715 1156 743 et
1176 710 1364 753 fundamus
1395 710 1434 744 ad
1456 721 1578 756 corpus
1598 711 1782 745 eorundem
1799 714 2017 745 canonicatus
2037 715 2070 745 et
2088 709 2260 758 prebende

392 774 611 819 quadraginta
656 784 785 806 marcas
827 782 1022 817 grossorum
1080 773 1297 817 pragensium
1340 775 1503 806 moravici
1544 775 1685 815 numeri,
1728 775 1801 818 puri
1839 783 1974 815 census,
2017 771 2068 806 bis
2105 775 2137 806 in
2173 781 2262 805 anno

393 838 568 867 canonico.
599 837 651 878 qui
682 845 742 879 pro
773 838 922 879 tempore
952 832 1065 868 fuerit.
1096 836 1127 866 in
1158 832 1243 866 festo
1273 835 1379 866 sancti
1408 832 1537 878 Jeorgii
1567 844 1653 866 nunc
1682 836 1836 879 proxime
1866 832 2059 879 incipiendo
2087 835 2208 878 viginti
2228 835 2261 866 et

392 898 422 928 in
454 894 540 927 sesto
570 897 674 928 sancti
703 893 878 928 Michaelis
908 896 1025 938 viginti
1048 904 1179 927 marcas
1209 898 1239 926 et
1262 896 1311 926 sic
1331 893 1489 939 deinceps
1509 898 1672 940 perpetue
1692 893 1812 928 futuris
1832 893 2040 940 temporibus
2059 893 2260 928 solvendum

391 959 422 989 in
453 958 588 988 civitate
626 959 738 988 nostra
779 954 941 988 Brunensi
981 957 1012 987 in
1051 953 1206 987 censibus
1242 954 1412 988 dumtaxat
1450 957 1583 996 nostris,
1623 966 1706 1000 quos
1741 958 1835 989 cives
1873 954 1993 988 ibidem
2032 953 2128 989 nobis
2165 957 2262 988 annis

391 1016 529 1060 singulis
572 1016 707 1049 solvere
750 1014 951 1059 obligantur.
995 1015 1227 1060 deputavimus
1270 1020 1301 1048 et
1342 1018 1464 1060 vig-ore
1501 1019 1668 1062 presentis
1705 1016 1875 1062 privilegii
1912 1019 2023 1050 animo
2062 1015 2260 1058 deliberato,

391 1077 560 1110 voluntate
590 1076 692 1110 libera
723 1088 760 1109 ac
791 1076 831 1110 de
861 1081 952 1110 certa
982 1081 1095 1110 nostra
1125 1079 1270 1110 sciencia
1303 1081 1431 1110 maturo
1461 1076 1573 1110 habito
1610 1081 1643 1110 et
1671 1081 1862 1111 nostrorum
1892 1076 2036 1111 fidelium
2067 1079 2262 1110 communi-

392 1143 465 1171 cato
496 1138 633 1171 consilio
664 1141 726 1171 rite
756 1142 785 1170 et
826 1137 1077 1171 racionabiliter
1106 1137 1315 1183 deputamus.
1355 1137 1395 1170 de
1433 1138 1551 1171 eodem
1588 1149 1696 1171 censu*
1721 1137 1851 1184 prefato
1880 1141 2058 1180 canonico,
2088 1140 2142 1183 qui
2171 1147 2260 1171 nunc

391 1203 439 1231 est
469 1203 499 1231 et
529 1202 596 1232 suis
626 1202 656 1232 in
687 1203 782 1232 antea
815 1199 931 1232 futuris
970 1197 1225 1231 successoribus
1264 1198 1576 1233 condescendentes
1610 1202 1717 1245 ipsum
1756 1203 1787 1232 et
1826 1209 2044 1233 successores
2080 1201 2182 1245 ipsius
2219 1197 2260 1232 ad

394 1259 557 1305 prefatum
587 1270 724 1293 censum
753 1264 889 1293 servato
919 1270 1012 1293 more.
1043 1262 1148 1305 patric
1173 1260 1270 1303 juxta
1303 1261 1579 1294 consuetudinem
1609 1261 1818 1294 inducentes.
1849 1259 1954 1294 Porro
1983 1264 2017 1293 nt
2049 1259 2259 1294 fundacionis

389 1319 577 1354 huiusmodi
606 1332 694 1353 nove
723 1323 828 1354 nostri
859 1325 1025 1365 tamquam
1056 1323 1186 1366 patroni
1226 1325 1255 1353 et
1297 1320 1419 1354 domini
1450 1326 1610 1367 perpetua
1640 1324 1800 1355 memoria
1831 1320 2005 1358 habeatur.
2036 1321 2259 1355 collacionem

389 1392 447 1415 seu
477 1384 765 1427 presentacionem
798 1382 1021 1427 predictorum
1052 1384 1268 1415 canonicatus
1299 1387 1327 1415 et
1358 1382 1529 1428 prehende
1559 1393 1618 1428 pro
1639 1381 1734 1416 nobis
1756 1381 1936 1416 heredibus
1953 1380 2258 1416 etsuccessoribus

389 1445 512 1475 nostris
542 1441 790 1475 marchionibus
827 1442 986 1476 Moravic
1025 1445 1279 1477 reservavimus
1311 1448 1339 1476 et
1379 1446 1502 1477 virtute
1541 1446 1752 1489 presencium
1783 1454 2012 1487 reservamus,
2042 1443 2259 1490 disponentes

390 1503 452 1536 hoc
483 1503 592 1536 modo.
631 1508 663 1536 ut
702 1507 884 1537 canonicus
923 1507 975 1548 qui
1014 1514 1101 1537 nnnc
1144 1508 1193 1537 est
1232 1504 1286 1537 vel
1320 1515 1381 1550 pro
1421 1510 1571 1550 tempore
1600 1504 1710 1547 fuerit,
1741 1515 1801 1550 pro
1831 1515 1868 1538 sc
1897 1515 1956 1538 seu
1987 1514 2132 1550 corpore
2161 1502 2258 1537 huius

388 1563 539 1597 beneficii
569 1564 756 1609 quindecim
788 1576 918 1598 marcas
939 1569 1105 1606 reservet,
1136 1569 1277 1610 quatuor
1298 1576 1429 1600 marcas
1459 1577 1519 1611 pro
1540 1570 1652 1599 nostra
1674 1566 1784 1600 salute
1804 1569 1834 1599 in
1865 1565 1951 1599 festo
1981 1567 2257 1599 annunciacionis

389 1624 538 1669 gloriose
569 1628 681 1659 matris
713 1625 847 1659 domiui.
878 1637 943 1670 quo
974 1625 1028 1658 die
1059 1625 1192 1659 celestis
1222 1626 1296 1659 aule
1327 1629 1494 1660 introitum
1526 1626 1671 1660 humano
1700 1629 1821 1671 generi
1851 1626 2011 1672 patefecit
2039 1626 2189 1660 salvator
2217 1625 2259 1659 de

389 1689 520 1729 virgine
551 1689 741 1720 incarnatus
772 1692 800 1720 ct
833 1687 884 1720 die
913 1687 1053 1731 gloriosi
1083 1686 1244 1721 Jeronimi
1284 1687 1430 1721 doctoris
1469 1690 1593 1724 eximii.
1628 1691 1721 1721 cuius
1751 1687 1842 1721 claro
1872 1687 2004 1733 eloquio
2035 1691 2260 1721 manaverunt

389 1746 576 1782 largissime
607 1751 639 1779 et
668 1751 698 1780 in
728 1748 870 1781 eeclesia
901 1752 1015 1781 saneta
1047 1747 1098 1781 dei
1130 1752 1263 1781 manant
1293 1751 1449 1781 continue
1479 1748 1670 1782 dulcissime
1691 1748 1842 1782 doctrine
1873 1751 1903 1782 in
1920 1748 2059 1782 odorem
2081 1749 2258 1781 suavitatis

388 1806 550 1840 stillicidia
580 1811 831 1853 scripturarum.
863 1813 930 1842 tres
960 1820 1090 1842 marcas
1122 1812 1208 1842 inter
1237 1812 1418 1842 canonicos
1440 1814 1469 1842 et
1493 1812 1638 1843 vicarios
1659 1813 1847 1855 presentes,
1878 1812 1932 1854 qui
1954 1808 2125 1842 dumtaxat
2148 1810 2257 1842 missis

388 1868 568 1901 earundem
600 1869 813 1903 festivitatum
845 1870 1066 1914 personaliter
1106 1873 1302 1904 intererunt.
1339 1870 1509 1903 distribuat
1548 1881 1640 1904 more
1676 1870 1822 1903 ecclesie
1853 1869 2015 1903 hactenus
2045 1868 2255 1904 laudabiliter

388 1928 578 1963 observato.
611 1930 691 1964 Item
722 1935 862 1976 quatuor
893 1942 1022 1963 marcas
1053 1934 1083 1964 in
1114 1934 1350 1965 anniversario
1380 1932 1502 1964 domini
1526 1930 1612 1964 Petri
1644 1930 1750 1964 felicis
1772 1933 1936 1964 memorie
1963 1926 2044 1964 ‘olim
2074 1930 2115 1964 de
2135 1929 2254 1964 Stern-

388 1989 466 2026 ber2
501 1995 529 2023 et
561 1994 589 2024 in
621 1995 854 2025 anniversario
885 1991 1003 2025 nobilis
1033 1993 1166 2025 domine
1197 1993 1296 2026 Anne
1328 1995 1429 2038 ipsius
1459 1992 1583 2026 domini
1604 1992 1690 2025 Petri
1717 1992 1922 2026 conthoralis
1951 1995 2096 2037 quatuor
2124 2001 2256 2025 marcas

387 2050 424 2082 ad
457 2051 716 2086 distrilmemlum
742 2054 837 2096 juxta
869 2053 1143 2086 consuetiulinem
1177 2053 1321 2086 ecclesie
1351 2053 1569 2088 distributori.
1600 2056 1652 2098 qni
1675 2064 1735 2099 pro
1758 2057 1909 2098 tempore
1940 2052 2051 2095 fucrit,
2082 2054 2254 2098 porrigatg

388 2112 536 2145 residuas
575 2124 656 2145 vero
693 2114 808 2146 decem
849 2125 978 2146 marcas·
1015 2119 1141 2159 septem
1181 2125 1240 2159 pro
1279 2113 1572 2147 distribucionilnis
1611 2119 1642 2147 et
1681 2119 1748 2147 tres
1784 2125 1844 2159 pro
1887 2113 2027 2159 panibus
2066 2113 2194 2147 decano
2223 2116 2257 2146 ct

387 2173 528 2217 capitulo
560 2173 676 2207 trilmal
709 2178 833 2220 pariter
862 2179 891 2206 et
923 2177 1084 2211 assignet.
1117 2174 1155 2209 Et
1186 2178 1261 2220 quia
1293 2175 1354 2209 hec
1385 2179 1497 2208 nostra
1529 2175 1684 2208 l'undacio
1722 2177 1796 2208 sive
1826 2185 1942 2207 eorum
1974 2176 2194 2208 canonicatus
2223 2177 2257 2207 et

387 2233 555 2278 prehende
586 2246 672 2268 nova
704 2239 837 2269 creceio
868 2235 963 2268 debet
996 2235 1096 2269 robur
1127 2236 1291 2269 firmitatis
1322 2241 1435 2269 nostre
1457 2238 1660 2281 provisionis
1681 2235 1834 2269 sollercia
1856 2238 2028 2281 perpetuis
2050 2233 2256 2281 temporibus

386 2293 546 2327 obtinere.
581 2296 653 2329 ideo
684 2308 743 2329 nos
773 2296 917 2329 heredes
957 2301 986 2328 et
1018 2307 1236 2330 successores
1277 2301 1409 2330 nostros
1449 2296 1661 2330 marchiones
1690 2296 1843 2330 Moravie
1873 2298 1997 2330 sinceri
2027 2294 2140 2330 c‘ordis
2169 2305 2255 2341 pro-

388 2357 488 2387 misso
521 2357 644 2389 meliori
677 2357 775 2390 modo
805 2363 835 2389 et
867 2358 985 2390 l'orma.
1016 2357 1142 2402 quihus
1165 2369 1354 2402 possumus.
1384 2357 1423 2390 ad
1455 2357 1596 2391 tenenda
1626 2360 1735 2391 omnia
1766 2362 1796 2389 et
1818 2357 1950 2402 singula
1984 2359 2045 2390 rite
2074 2360 2107 2390 et
2136 2359 2254 2391 racio—

390 2414 542 2448 nabiliter
571 2417 781 2451 observanda
804 2421 968 2464 presentis
999 2423 1114 2451 tenore
1146 2418 1312 2463 privilegii
1333 2417 1532 2456 obtifflunus.
1564 2417 1649 2451 Nulli
1671 2428 1755 2461 crgo
1777 2421 1963 2463 principum
1995 2416 2083 2451 hanc
2102 2420 2254 2451 nostram

387 2474 616 2510 tandm-ionem
657 2482 868 2512 erecenmem
906 2483 933 2511 et
976 2479 1159 2512 reddituum
1197 2479 1416 2513 donacionem
1452 2478 1513 2512 sub
1552 2490 1636 2525 pena
1676 2478 1927 2512 malt-diceionis
1965 2481 2127 2525 perpetue
2156 2477 2255 2512 liceat

390 2536 525 2569 violare.
559 2537 770 2572 l’resencinm
801 2539 861 2572 snb
893 2543 994 2573 nostri
1025 2542 1230 2585 appensione
1259 2539 1357 2583 sigilli
1389 2543 1577 2573 testimonio
1608 2540 1790 2573 literarum.
1822 2539 1942 2573 Datum
1974 2538 2137 2573 Olomucz
2166 2548 2254 2572 anno

385 2595 505 2630 domini
538 2599 710 2632 millesimo
741 2601 1072 2645 qiiadringente-simo
1102 2600 1261 2636 secundo,
1293 2600 1420 2634 decima
1451 2604 1562 2645 quinta
1593 2601 1645 2634 die
1675 2600 1803 2634 Marcii.

708 2679 785 2706 ‘'rb—⁷.
814 2680 894 2710 l'effl,
921 2681 947 2708 Ιι,
974 2680 1032 2710 δ’ἐκ,
1058 2680 1231 2710 abiga—risaei„
1257 2680 1291 2703 ini
1311 2680 1385 2708 (itin,
1411 2679 1482 2713 Cup.
1510 2679 1644 2706 Art-tuve.
1672 2695 1710 2699 —
1737 2679 2023 2705 Aui·‹1···-1'1icamr:
2050 2678 2092 2704 De
2117 2677 2253 2704 mundato

799 2732 902 2756 utamini
931 2731 1102 2756 mura-titonia
1128 2732 1252 2756 ‹let-anua
1277 2732 1396 2756 eeclesia·
1422 2732 1620 2757 (uonna-ensis
1646 2730 1799 2765 Andreas.)
2190 2728 2193 2732 ”

2197 2808 2204 2824 t
