2347 3153
1288 202 1361 236 ⁴200

390 320 463 342 cum
502 309 678 354 temporali
713 309 877 342 incolatus
916 308 1012 352 liujus
1052 308 1167 341 seculi.
1209 311 1240 340 te
1279 305 1376 339 fidum
1407 304 1502 339 nobis
1541 310 1572 338 et
1601 305 1757 339 idoneum
1788 308 1942 351 operosis
1973 304 2144 350 obsequiis
2174 315 2262 350 pro-

389 369 563 411 bavimusg
593 374 626 403 ut
655 380 739 414 ergo
768 368 1016 403 rationabilibus
1047 371 1109 401 tuis
1140 372 1173 401 et
1203 366 1402 400 salutaribus
1431 366 1606 400 desideriis
1635 364 1787 401 satisfiat.
1818 365 1873 399 tibi
1904 366 1945 399 dc
1975 365 2112 412 speciali
2140 370 2255 400 nostra

388 433 495 475 gratia
526 432 757 463 consensimus
787 434 817 463 ct
847 429 986 462 facimus
1016 433 1046 462 et
1079 431 1200 472 vigore
1239 430 1466 473 praesentium
1501 430 1611 461 animo
1650 425 1835 460 deliberato
1872 437 1911 460 ac
1948 426 1988 460 de
2022 430 2114 460 certa
2143 430 2257 461 nostra

388 494 527 525 scientia
566 493 793 524 consentimus
829 489 1018 523 omnimode
1056 493 1087 522 ct
1122 488 1290 525 favemus,
1320 493 1354 521 ut
1382 488 1463 521 duas
1492 498 1686 532 sexagenas
1718 498 1915 532 grossorum
1946 499 2067 521 census
2097 490 2196 521 annui
2226 490 2258 521 in

387 552 466 585 villa
496 551 693 586 Zaworzicz
723 555 753 584 et
783 554 814 584 in
845 551 920 584 villa
951 549 1055 583 Lliota
1085 561 1183 583 unam
1219 559 1426 593 sexagenum
1456 559 1577 582 census
1606 552 1707 583 annui
1737 552 1770 582 in
1809 548 1905 582 bonis
1943 551 2006 582 tuis
2036 548 2258 582 haereditariis

388 624 461 646 enm
492 613 590 659 pleno
621 617 649 645 et
682 623 774 645 mero
804 612 947 645 dominio
976 610 1055 644 nihil
1085 610 1141 644 tibi
1163 613 1196 644 in
1227 609 1353 643 eisdem
1375 614 1496 655 praeter
1515 609 1653 643 bernam
1674 609 1871 655 generalem
1892 611 2025 654 penitus
2045 609 2256 644 reservando

387 684 447 719 pro
477 678 645 707 conventu
675 677 705 706 et
736 671 892 705 fratribus
922 674 1114 705 monasterii
1144 674 1174 704 in
1204 670 1388 705 Gewiczka
1420 670 1500 703 dare
1530 675 1562 704 et
1590 671 1706 715 legare
1736 673 1845 716 possis
1876 680 1916 703 ac
1947 670 2062 704 valeas
2093 669 2255 716 deputare

385 737 510 780 pariter
547 739 577 767 et
618 734 755 767 donare.
786 735 996 779 praesentium
1035 732 1095 766 sub
1135 734 1239 765 nostri
1280 731 1378 776 sigilli
1416 734 1622 777 appensione
1664 734 1854 765 testimonio
1895 731 2079 765 literarum.
2136 731 2257 765 Datum

386 795 529 829 Brunnze
564 806 651 828 anno
689 794 811 827 domini
843 794 1016 827 millesimo
1054 793 1390 838 quadringentesimo
1425 792 1586 836 secundo,
1618 793 1783 826 dominica
1823 795 1980 838 proxima
2019 797 2096 827 aute
2138 792 2259 827 festum

385 861 575 890 sanctornm
608 855 743 901 l'liilippi
775 860 804 888 et
834 854 951 888 Jacobi
982 854 1221 900 apostolorum.

1430 914 1480 948 De
1506 914 1659 948 mandato
1689 914 1811 948 domini
1843 913 2047 948 marchionis

1533 974 1641 1009 llinko
1671 975 1955 1020 prothonotarius.

703 1053 806 1094 (Copie
831 1057 925 1090 simpl,
950 1056 985 1081 ini
1012 1066 1045 1083 in,
1072 1055 1315 1081 Landesareliive.
1341 1055 1419 1083 Cerr.
1446 1056 1473 1084 S,
1500 1056 1537 1083 ΙΙ,
1563 1065 1589 1085 u,
1618 1056 1687 1091 130,
1713 1065 1740 1089 p.
1767 1055 1810 1089 4.)

1276 1237 1377 1272 192.

383 1313 574 1361 illszrkyrcis'
595 1317 708 1350 ‚lodols
745 1316 858 1350 helobt
896 1317 950 1350 die
980 1315 1275 1360 Slamlletifte]ql«·(’t't
1313 1319 1374 1349 dei·
1403 1316 1510 1349 Stude
1543 1315 1642 1359 Iylan
1679 1315 1876 1359 glegsenit'ber
1917 1316 1980 1348 den
2012 1315 2160 1348 Feimleu
2192 1314 2261 1348 und

674 1377 809 1411 erlaubl
838 1377 890 1410 ihr
922 1378 1005 1410 :wei
1032 1376 1157 1410 Allare
1186 1388 1226 1409 zu
1256 1376 1424 1421 besle'slen.
1460 1377 1516 1411 ΙΙΙ.
1549 1376 1661 1420 ΙῃΙιιη,
1691 1376 1725 1410 6.
1760 1375 1837 1409 Μαί
1870 1375 1979 1409 1402.

541 1445 777 1499 Jodocusdei
807 1468 922 1509 gracia
954 1464 1102 1498 marchio
1124 1464 1459 1509 Brandenburgcnsis
1488 1467 1574 1498 sacri
1598 1464 1739 1498 Romani
1771 1467 1906 1509 imperii
1938 1463 2259 1507 archieamerarius‚

384 1527 532 1561 marchio
581 1531 612 1560 et
654 1527 806 1560 dominus
852 1526 1006 1560 Moravie
1039 1553 1044 1558 .
1077 1553 1082 1558 .
1110 1524 1217 1569 judici
1266 1528 1427 1569 magistro
1471 1528 1594 1559 civium
1643 1524 1834 1559 consulibus
1884 1536 1924 1558 ac
1969 1526 2090 1570 juratis
2134 1527 2261 1570 totique

383 1591 611 1623 communitati
641 1587 770 1621 civibus
799 1590 829 1621 in
853 1587 990 1629 lglavta.
1021 1589 1144 1620 nostris
1175 1586 1330 1620 fidelibus
1358 1586 1486 1620 dilectis
1514 1589 1647 1620 sineere
1669 1586 1856 1620 dilectionis
1878 1586 2037 1620 all'ectum
2059 1590 2091 1620 et
2119 1596 2260 1632 pronam

382 1651 422 1684 ad
452 1654 569 1684 cuncta
600 1648 808 1695 beneplacita
838 1649 1058 1683 voluntatem.
1116 1647 1248 1681 Fideles
1290 1648 1412 1687 dilecti„
1451 1652 1588 1693 pensata
1619 1651 1734 1682 vestre
1764 1646 1932 1681 indeseste
1966 1646 2041 1681 fidei
2072 1649 2103 1681 in
2133 1649 2262 1681 cunctis

383 1714 506 1746 nostris
535 1710 710 1744 desideriis
739 1713 880 1756 puritate
910 1715 939 1743 et
971 1711 1144 1754 potissime
1183 1708 1415 1745 advertentes.
1445 1713 1565 1754 quanta
1597 1705 1794 1742 constancia
1822 1719 1883 1754 pro
1914 1711 2018 1741 nostri
2049 1708 2261 1742 exaltacione

386 1772 534 1806 honoris.
564 1783 638 1809 vosq
668 1776 781 1805 vestra
812 1770 909 1804 bona.
941 1770 1065 1803 liberos
1095 1775 1127 1803 et
1158 1770 1306 1803 heredes
1337 1769 1492 1815 periculis
1523 1772 1726 1815 exposuistis
1757 1769 1900 1803 viriliter
1933 1773 2010 1802 tunc
2041 1779 2115 1803 cum
2146 1771 2261 1803 immi-

387 1832 539 1867 nentibus
570 1836 778 1867 inimicorum
808 1837 997 1866 nostrorum
1030 1831 1156 1865 insidiis
1187 1835 1299 1865 vestra
1331 1832 1475 1877 presidia
1507 1830 1707 1864 inevitabilis
1728 1833 1913 1864 necessitas
1939 1829 2140 1876 postulabat,
2172 1834 2262 1864 tanto

388 1895 518 1939 quidem
550 1897 673 1928 vestris
703 1893 893 1939 precatibus
923 1895 1115 1926 consentire
1145 1892 1373 1926 decrevimus.
1391 1897 1514 1937 quanto
1544 1894 1706 1925 attencius
1736 1896 1814 1925 vota
1845 1897 1960 1925 vestra
1993 1891 2033 1925 de
2063 1892 2263 1926 devocionis

388 1956 509 1989 ardore
539 1955 725 2001 procedere
755 1955 990 2000 perpendimus
1013 1957 1042 1987 in
1067 1957 1251 1987 animarum
1281 1958 1468 1987 vestrarum
1491 1953 1688 1999 compendia
1711 1953 1749 1986 ad
1773 1956 2016 1999 omnipotentis
2037 1953 2089 1987 dei
2111 1955 2262 1998 graciam

389 2022 420 2049 et
451 2017 622 2050 honorem.
680 2017 845 2057 Quocirca
885 2021 918 2049 nt
955 2015 1102 2048 eiusdem
1140 2019 1256 2048 vestre
1299 2015 1496 2048 devocionis
1531 2014 1696 2047 desideria
1733 2015 1828 2058 juxta
1870 2017 2046 2060 peticionis
2085 2016 2261 2059 rogamina

391 2078 597 2123 impleamus.
628 2077 724 2111 vobis
755 2077 898 2117 benigne
919 2079 1150 2110 consensimus
1180 2081 1211 2109 ct
1241 2076 1398 2115 l'aviinnsq
1425 2087 1625 2109 eonsensum
1649 2080 1798 2109 nostrum
1820 2079 1852 2108 et
1877 2075 2033 2109 favorem
2055 2074 2262 2121 prebuimus,

391 2144 484 2185 prout
517 2142 636 2179 vigore
666 2141 875 2184 presencium
906 2140 1015 2170 animo
1037 2136 1220 2170 deliberato
1242 2137 1415 2171 voluntate
1446 2136 1546 2170 libera
1569 2141 1599 2169 et
1630 2137 1670 2169 de
1691 2141 1781 2169 certa
1805 2141 1917 2170 nostra
1942 2139 2089 2170 sciencia
2111 2140 2261 2170 nostrum

392 2211 591 2234 eonsensum
623 2204 655 2232 et
684 2199 835 2232 favorem
867 2198 1057 2244 prebemus.
1087 2201 1316 2231 consentimus
1352 2197 1532 2231 liberaliter
1561 2202 1589 2230 et
1622 2198 1787 2235 favemus.
1819 2202 1848 2230 ut
1882 2208 1942 2243 pro
1973 2197 2081 2240 altari,
2112 2197 2197 2242 quod
2229 2200 2261 2231 in

393 2261 544 2306 hospitali
576 2266 688 2294 vestro
719 2260 879 2293 fundastis
908 2264 1047 2304 septeni.
1079 2264 1107 2291 et
1140 2259 1254 2294 altare,
1298 2259 1384 2304 qnod
1416 2260 1454 2292 ad
1486 2258 1646 2292 bonorem
1677 2259 1826 2292 altissimi
1857 2258 1917 2291 sul)
1949 2258 2040 2292 titulo
2069 2262 2261 2292 sanctarum

395 2323 492 2355 Anne
523 2326 550 2354 et
582 2322 764 2355 Kalliarine
795 2327 823 2353 et
854 2322 991 2354 aliarum
1022 2325 1211 2353 sanctarum
1247 2323 1414 2360 virginum
1448 2324 1480 2352 et
1510 2324 1692 2364 martyrum
1716 2322 1746 2353 in
1769 2319 1912 2353 ecelesia
1943 2318 2127 2365 parochiali
2148 2323 2262 2354 vestra

392 2384 542 2416 similiter
563 2385 731 2416 erexistis.
753 2387 828 2415 octo
844 2393 1036 2425 sexagenas
1056 2392 1253 2420 grossorum
1279 2380 1491 2414 donariorum
1514 2384 1728 2425 pragensium
1750 2380 1943 2425 capellanis,
1961 2382 2014 2426 qui
2032 2391 2092 2426 pro
2114 2384 2265 2426 tempore

393 2444 523 2477 l'nerint.
555 2447 585 2477 in
617 2446 751 2477 civitate
792 2443 916 2482 lglavia
955 2445 1098 2488 possetis
1138 2445 1167 2475 in
1208 2444 1309 2474 certis
1351 2441 1501 2475 domibus
1540 2441 1591 2474 vel
1632 2441 1825 2476 redditilnis.
1856 2453 1914 2474 ¹sen
1952 2441 2027 2475 dum
2057 2452 2094 2475 se
2124 2440 2264 2475 facultas

391 2505 539 2538 oll'erret.
570 2508 599 2538 in
640 2505 792 2537 villarum
833 2503 989 2537 eensilnis
1028 2503 1199 2548 deputare,
1243 2506 1284 2535 ita
1316 2506 1347 2535 ut
1380 2502 1454 2536 duni
1485 2505 1623 2547 prinnini
1656 2505 1684 2536 in
1717 2502 1802 2536 villis
1833 2514 1891 2535 seu
1923 2502 2076 2536 villarum
2106 2501 2264 2536 censibus

393 2576 454 2598 vos
483 2569 674 2610 prenotatas
704 2565 890 2609 quindei-ini
921 2575 1112 2603 sexagenas
1143 2575 1201 2608 pro
1233 2563 1374 2608 prel'atis
1409 2562 1537 2596 (luobus
1568 2562 1737 2597 lieni-liciis
1767 2563 1929 2608 deputare
1960 2565 2151 2607 contigerit,
2185 2573 2266 2596 mox

393 2637 529 2659 censum
562 2626 746 2659 huiusmodi
777 2626 967 2671 deputatum
1000 2624 1117 2657 tabulis
1148 2629 1236 2657 terre
1267 2627 1378 2669 inponi
1417 2624 1631 2658 decrevimus
1674 2629 1706 2657 et
1736 2623 1893 2662 ins‹·i·ibi;
1930 2635 2032 2669 porro
2057 2625 2113 2668 jus
2143 2629 2263 2670 patro-

398 2691 492 2719 natus
521 2697 579 2720 sen
610 2687 822 2731 pia-sentandi
861 2687 1084 2732 predictorum
1126 2685 1361 2718 beneficiorum
1401 2696 1460 2730 pro
1491 2684 1586 2718 vobis
1616 2689 1645 2718 et
1677 2684 1932 2718 suecessoribus
1963 2687 2086 2718 vestris
2116 2686 2146 2718 in
2177 2695 2262 2730 per-

2338 3135 2347 3153 n.
2335 3100 2347 3132 -κ
