2347 3153
1278 229 1352 263 *234

531 334 571 368 Et
601 346 667 380 ego
697 333 871 368 Jobannes
900 333 990 377 Wijs
1021 333 1060 367 de
1090 332 1204 366 Alftei·
1233 333 1378 367 clericus
1408 333 1621 368 Coloniensis
1652 334 1798 368 diocesis
1830 334 1982 380 publicus
2011 334 2195 381 apostolica
2221 339 2253 368 et

376 395 544 442 imperiali
574 394 826 429 auctoritatibus
855 397 1006 429 notarius
1041 399 1103 427 etc.

687 466 777 501 (strig,
803 467 886 501 Perg.
914 467 963 491 init
988 466 1054 491 auli.
1080 466 1137 497 Sig.
1164 466 1200 490 ini
1228 467 1358 491 Briinnei·
1383 466 1585 492 Stadtarehive
1610 465 1669 499 sig.
1694 465 1729 493 N.
1756 466 1778 494 Ῑ.
1806 463 1870 501 19.)

1256 610 1366 646 221.

375 684 418 717 Is.
450 683 618 727 Sifflnund
655 682 790 716 bestell!
825 684 884 726 far
923 683 985 715 den
1026 681 1115 714 Fall.
1156 681 1238 714 class
1273 692 1313 714 er
1351 680 1439 714 olene
1468 680 1682 714 mannlichen
1712 680 1829 714 Erben
1859 680 1998 715 sterben
2028 681 2158 724 warde,
2188 681 2253 715 den

377 745 517 788 Herzog]
547 743 716 777 Albi-eom
747 755 786 777 ε-ιι
815 745 941 776 seinem
986 742 1217 786 Thronfolqer
1252 742 1320 775 und
1348 743 1478 775 cassirt
1507 742 1562 775 die
1587 741 1712 787 [νίψεν
1738 741 1983 786 qescldossene
2015 741 2254 787 Erbeiniqunq

716 806 773 837 mit
804 804 958 847 Marhyr.
990 802 1114 836 Jmlolf.
1146 802 1205 836 Dt.
1238 801 1443 847 Presslmry.
1475 801 1534 836 14.
1566 801 1772 847 September
1802 802 1912 837 1402.

552 863 640 917 ⁶xos
671 882 908 927 sigismundus
938 883 991 916 dei
1019 884 1135 927 gracia
1165 893 1229 915 rex
1266 881 1454 926 Hungarie,
1489 881 1675 924 Dalmacie‚
1716 880 1858 916 Croacie
1897 887 1961 916 etc.
1999 885 2088 917 sacri
2125 884 2256 916 romani

378 948 507 991 imperii
538 947 686 978 vicarius
715 944 887 982 generalis
917 947 949 976 et
978 946 1076 988 regni
1106 942 1270 976 Boheinie
1298 941 1518 987 gubernator.
1566 941 1690 976 Notum
1721 942 1862 976 facimus
1892 947 2010 977 tenore
2039 945 2254 989 presencium
2305 934 2308 937 ¹

376 1005 605 1051 significantes
635 1005 754 1050 quibus
784 1005 919 1051 expedit
950 1007 1132 1038 universis.
1177 1003 1273 1045 Quod
1303 1015 1365 1037 nos
1395 1003 1546 1048 diligenti
1574 1003 1863 1049 premeditacione
1893 1003 2150 1038 considerantes
2178 1002 2254 1038 fidei

376 1070 603 1101 sinceritatem
643 1071 672 1100 et
713 1065 924 1099 amicabilem
964 1065 1198 1109 dileccionein,
1237 1076 1335 1110 quam
1375 1065 1511 1099 illustris
1549 1067 1707 1111 princeps
1737 1067 1888 1099 sororius
1917 1069 2032 1099 noster
2061 1067 2255 1099 carissimus

376 1129 529 1163 domiuus
559 1127 720 1162 Albertus
750 1128 816 1161 dux
847 1128 987 1161 Austrie
1017 1131 1080 1161 etc.
1115 1138 1197 1172 erga
1227 1137 1289 1160 nos
1310 1129 1441 1160 interne
1461 1129 1567 1171 gessit
1589 1130 1620 1159 et
1641 1128 1741 1170 gerit,
1762 1137 1824 1160 nec
1846 1137 1912 1160 non
1933 1128 2256 1172 consanguineitatis

377 1190 583 1231 affinitatem,
615 1200 677 1234 qua
708 1188 770 1222 sibi
800 1193 945 1233 cognata
975 1191 1148 1222 vicinitate
1178 1189 1347 1232 conjuncti
1379 1187 1597 1230 dinoscimur,
1628 1186 1737 1221 eidem
1768 1187 1903 1221 domino
1933 1187 2009 1221 duci
2042 1186 2184 1221 Alberto
2214 1186 2256 1220 de

378 1256 470 1285 certa
501 1253 660 1284 sciencia.
691 1249 956 1293 deliberacione,
987 1249 1128 1283 consilio
1153 1253 1186 1283 et
1206 1249 1378 1283 voluntate
1398 1252 1637 1283 universorum
1659 1248 1877 1294 prelatorum,
1898 1247 2075 1292 baronum,
2096 1247 2256 1283 nobilium

378 1318 410 1347 et.
440 1313 687 1358 regnicolarum
719 1314 816 1357 regni
847 1314 952 1345 nostri
983 1310 1169 1356 ilungarie,
1200 1313 1290 1345 omni
1320 1310 1428 1344 forma
1457 1309 1557 1344 modo
1583 1310 1802 1344 ordinacione
1823 1314 1855 1343 et
1876 1309 2116 1356 disposicione,
2137 1307 2256 1355 quibus

378 1374 408 1408 id
440 1374 557 1408 melius
587 1378 619 1407 et
649 1372 820 1407 efficacius
850 1372 922 1406 fieri
952 1375 1068 1418 potuit,
1099 1374 1392 1418 appropriavimus
1414 1375 1447 1405 ct
1467 1371 1620 1405 dedimus
1641 1373 1742 1404 immo
1763 1373 2020 1417 appropriamus
2041 1374 2074 1404 et
2093 1370 2256 1404 donamus

378 1438 499 1480 vigore
528 1437 741 1480 presencium
772 1433 971 1479 prelibatum
1002 1444 1144 1478 regnum
1175 1437 1325 1467 nostrum
1356 1432 1530 1478 Hungarie
1559 1443 1634 1466 cum
1674 1431 1829 1466 omnibus
1867 1431 2108 1478 principatibus
2141 1433 2256 1466 comi-

379 1495 498 1529 tatibus
528 1495 684 1529 dominiis
713 1497 898 1540 provinciis
928 1497 1048 1529 castris
1078 1494 1269 1528 civitatibus
1298 1496 1442 1538 omagiis
1471 1493 1567 1527 bonis
1596 1504 1729 1528 necnon
1754 1492 1887 1538 juribus
1916 1492 2110 1527 utilitatibus
2139 1492 2256 1538 digni-

379 1556 499 1590 tatibus
529 1556 713 1590 honoribus
744 1555 952 1590 libertatibus
981 1554 1280 1589 consuetudinibus
1309 1555 1348 1588 ad
1380 1554 1466 1589 idem
1496 1554 1738 1601 spectantibus,
1769 1556 1911 1600 aliisque
1940 1556 2158 1601 pertinenciis
2187 1555 2256 1588 suis

377 1620 557 1654 universis,
588 1616 842 1662 quibuscunque
872 1616 1062 1650 nominibus
1091 1620 1259 1659 vocitatis,
1290 1619 1396 1650 eciam
1418 1619 1529 1662 siqua
1556 1619 1621 1650 sint
1651 1615 1692 1650 de
1721 1615 1841 1661 quibus
1871 1618 2002 1650 mencio
2024 1614 2096 1650 fieri
2116 1614 2258 1650 deberet

379 1679 546 1724 specialis.
591 1683 688 1724 prout
731 1681 837 1723 ipsum
880 1689 1023 1721 regnum
1066 1689 1128 1723 per
1170 1677 1268 1712 divos
1310 1677 1574 1723 predecessores
1618 1682 1752 1711 nostros
1795 1688 1897 1722 reges
1936 1676 2111 1722 Hungarie
2148 1675 2256 1710 felicis

379 1742 636 1773 reminiscencie
666 1751 705 1773 ac
735 1751 795 1785 per
824 1751 886 1773 nos
916 1739 1062 1773 habitum
1094 1744 1217 1773 tentum
1248 1742 1362 1773 existit
1391 1743 1423 1772 ct
1458 1749 1650 1784 possessum
1682 1742 1715 1771 et
1743 1741 1839 1772 sicuti
1878 1748 1940 1772 nos
1979 1737 2068 1772 dono
2106 1737 2257 1772 altissimi

379 1802 465 1834 idem
497 1812 638 1845 regnum
679 1800 854 1834 habuimus
892 1804 1059 1834 tenuimus
1098 1805 1129 1834 ct
1169 1800 1392 1846 possedimus,
1431 1803 1533 1833 innuo
1572 1799 1734 1833 habemus
1771 1804 1923 1834 tenemus
1961 1803 1995 1833 et
2023 1798 2257 1845 possidemus3

380 1862 432 1895 tali
465 1862 657 1907 dumptaxat
690 1861 788 1895 modo
819 1866 851 1895 et¹
880 1862 986 1895 forma
1018 1866 1049 1895 et
1079 1861 1291 1895 condicione.
1322 1861 1409 1906 quod
1440 1864 1471 1894 iu
1502 1872 1595 1899 casu,
1625 1872 1691 1906 quo
1721 1871 1782 1894 nos
1811 1859 1938 1906 absque
1963 1859 2143 1894 heredibus
2163 1858 2257 1904 legi-

379 1925 466 1956 timis
497 1923 700 1965 masculinis,
731 1923 817 1968 quod
848 1922 945 1965 absit,
976 1922 1144 1956 decedere
1165 1925 1359 1967 contigerit,
1380 1926 1505 1956 extunc
1525 1922 1711 1968 predictum
1734 1932 1876 1966 regnum
1897 1925 2048 1955 nostrum
2069 1919 2255 1966 Hungarie‚

379 1995 452 2017 cum
485 1987 658 2029 premissis
688 1983 930 2030 principatibus
961 1983 1145 2018 bonoribus
1176 1982 1385 2017 libertatibus
1424 1987 1457 2017 et
1494 1981 1795 2017 consuetudinibus
1833 1983 1872 2016 ad
1912 1982 1999 2016 idem
2029 1981 2257 2028 spectantibus

381 2046 518 2089 aliisque
550 2047 767 2090 pertinenciis
797 2048 865 2078 suis
894 2047 1063 2078 universis
1093 2045 1133 2078 ad
1164 2044 1331 2090 prefatum
1362 2044 1530 2078 dominum
1562 2043 1740 2078 Albertuni
1763 2044 1894 2087 ducem,
1917 2045 2083 2078 sororium
2105 2047 2255 2077 nostrum

381 2117 569 2151 pri—carum.
602 2106 702 2139 vetuti
734 2106 917 2149 legitimum
948 2105 1108 2139 heredem
1139 2116 1179 2139 ac
1207 2116 1443 2139 successorem
1474 2105 1613 2139 devolvi
1644 2104 1762 2139 debeat
1790 2109 1821 2138 et
1842 2104 2048 2148 redundare,
2069 2115 2130 2150 per
2149 2107 2255 2151 ipsum

382 2167 567 2199 babendum
600 2172 627 2199 et
662 2167 898 2212 possidendum
931 2167 1027 2212 plena
1059 2171 1222 2212 potestate
1253 2170 1283 2199 ct
1314 2168 1402 2199 omni
1429 2167 1506 2210 jure
1537 2166 1809 2200 conservandum
1839 2170 1872 2199 et
1900 2165 2138 2210 utifruendum,
2159 2169 2258 2211 prout.

381 2240 439 2273 per
470 2233 601 2261 nostros
634 2229 896 2274 predecessores
927 2239 1027 2273 reges
1057 2228 1230 2273 Hungarie
1261 2232 1293 2262 et
1321 2239 1382 2273 per
1411 2238 1472 2261 nos
1503 2226 1649 2260 habitum
1682 2232 1806 2261 tentum
1845 2229 1956 2261 extitit
1993 2231 2026 2261 et
2063 2237 2256 2273 possessum

380 2294 408 2319 et
442 2292 535 2321 sit-titi
583 2301 642 2323 nos⁴
688 2290 850 2323 hactenus
894 2292 998 2335 ipsum
1040 2300 1181 2333 regnum
1222 2288 1397 2322 babuimus
1435 2291 1600 2322 tenuimus
1639 2293 1672 2322 et.
1710 2288 1922 2334 possedimus
1960 2292 1994 2322 et
2031 2287 2072 2322 de
2109 2289 2257 2335 presenti

382 2349 543 2382 babemus·
575 2356 727 2383 tenemus
758 2355 786 2383 et
820 2351 1043 2395 possidemus.
1102 2350 1390 2391 Quemadmodum
1422 2352 1528 2383 eciam
1560 2352 1710 2384 universi
1741 2349 1859 2395 prelati
1891 2347 2037 2384 barones
2067 2348 2197 2384 nobiles
2225 2353 2258 2383 et

381 2413 534 2442 civitates
574 2413 712 2455 predicti
755 2414 848 2455 regui
888 2415 993 2445 nostri
1030 2411 1069 2444 ad
1111 2411 1139 2444 id
1180 2411 1429 2445 observandum
1467 2422 1547 2444 cura
1588 2413 1735 2456 ipsorum
1773 2409 1975 2455 specialibus
2013 2410 2118 2444 literis
2146 2408 2256 2444 eidem

381 2471 514 2503 domino
546 2471 617 2504 ‹tm-t
653 2472 792 2505 :ilberto
823 2485 859 2506 se
890 2472 1078 2517 obligarunt
1109 2471 1254 2517 quolibet
1287 2475 1359 2505 sine
1389 2471 1478 2506 dolo.
1539 2471 1574 2505 ln
1613 2483 1693 2505 casu
1734 2483 1829 2515 vero,
1869 2483 1934 2517 quo
1973 2481 2034 2505 nos
2072 2469 2171 2505 filiam
2200 2469 2257 2505 vel

381 2531 462 2564 lilia>
495 2544 660 2566 *.¹⁴*ttt·t'··tt·t·
692 2545 874 2578 procreare
906 2534 957 2567 vel
990 2532 1114 2567 babere
1144 2538 1173 2565 et
1207 2533 1347 2566 eandem
1378 2543 1437 2566 seu
1468 2533 1604 2566 easdem
1636 2538 1706 2579 post
1731 2537 1872 2566 mortem
1894 2536 2042 2566 nostram
2064 2531 2256 2578 relinquere

380 2595 602 2628 contium-ret.
637 2600 710 2627 tum·
743 2595 890 2639 prelatus
921 2595 1076 2628 dominus
1105 2594 1172 2627 dux
1203 2596 1353 2627 sororius
1383 2597 1510 2633 noster,
1543 2593 1676 2627 debebit
1705 2594 1848 2627 eandem
1878 2597 1930 2627 aut
1963 2592 2100 2627 easdem
2135 2595 2257 2627 matri-

381 2656 491 2685 monio
523 2655 654 2686 tradere
686 2660 713 2686 et
748 2655 931 2688 bonon-ilice
963 2655 1182 2701 desponsare.
1214 2659 1309 2700 prout
1342 2665 1403 2688 nos
1433 2654 1473 2688 de
1502 2666 1562 2688 sue
1594 2654 1668 2688 [idei
1699 2657 1892 2689 sinceritate
1923 2654 2075 2688 lidueiam
2106 2656 2256 2699 gerimus

380 2714 584 2757 singularem
618 2720 645 2744 et
680 2716 808 2748 debebit
842 2729 879 2747 :w
911 2716 1076 2749 tenebitur
1106 2716 1212 2750 eidem
1245 2716 1298 2749 vel
1330 2715 1463 2749 cuilibet
1495 2716 1690 2750 earumdem
1721 2715 1874 2754 tiliarum,
1905 2726 1964 2762 pro
1999 2714 2156 2749 dotalicio
2176 2723 2255 2748 'seu
