2347 3153
1004 206 1078 241 ‘215

105 322 184 346 esse
211 311 426 358 appellatum.
470 324 509 345 ac
553 315 644 358 ipsos
672 315 877 358 prepositum
908 318 938 346 et
982 313 1159 359 capitulum
1203 318 1234 346 et
1274 312 1464 348 Conradum
1502 314 1690 349 Snierbeck
1720 319 1916 350 canonicum
1948 318 1978 349 in

107 375 268 420 expensis
297 384 410 407 coram
441 372 539 407 vobis
569 373 665 407 sactis
705 366 932 410 condemnari.
972 374 1012 407 de
1048 377 1208 420 expensis
1245 374 1362 408 fiendis
1400 376 1630 422 protestando.
1669 381 1698 410 et
1731 376 1812 410 alias
1842 376 1918 410 inde
1948 381 1978 409 et

107 444 211 481 super
246 436 420 480 premissis
459 433 613 468 omnibus
651 439 682 468 et
718 434 858 479 singulis
901 436 1104 478 conjunctim
1144 440 1175 469 et
1214 436 1346 470 divisim
1385 440 1533 479 nomine,
1571 449 1635 483 quo
1673 449 1785 484 supra.
1816 437 1876 471 sibi
1907 438 1977 472 fieri

101 496 240 540 justicie
268 495 565 541 complementum.
597 500 744 529 vestrum
776 498 912 541 insuper
941 495 1122 539 benignum
1153 496 1298 531 officium
1335 497 1502 532 humiliter
1540 499 1748 544 implorando
1786 499 1882 533 salvo
1917 499 1978 533 sihi

103 557 191 602 juris
230 555 307 603 (sic)
346 555 502 590 addendi.
539 556 721 591 minuendi.
760 556 918 591 mutandi.
957 558 1163 602 corrigendi.
1204 558 1396 592 declarandi
1436 563 1513 594 etc..
1550 563 1581 592 ut
1622 560 1679 593 suit
1719 564 1749 593 et
1784 565 1832 593 est
1865 563 1978 594 moris.

107 616 261 652 Prefatus
281 622 358 652 tunc
379 617 532 651 dominus
553 620 732 664 episcopus
752 623 783 652 et
799 618 930 652 auditor
947 618 1066 652 dictum
1089 622 1285 663 magistrum
1306 619 1495 654 Johannem
1517 625 1769 666 procuratorem
1792 633 1857 655 non
1879 633 1979 655 coin-

108 683 296 726 parentem,
313 682 524 724 terminoque
541 679 693 725 predicto
713 682 847 713 minime
867 680 1066 714 satisfacere
1087 685 1271 717 curantem,
1301 680 1411 715 debite
1433 686 1542 715 tamen
1564 687 1792 728 expectatum.
1815 686 1981 728 reputavit

108 743 228 775 merito
244 744 342 786 prout
363 745 434 774 erat
449 742 755 785 exigenteJusticia
777 745 1022 775 contumacem.
1046 741 1178 775 Deinde
1194 742 1233 775 ad
1251 743 1371 788 prefati
1398 746 1548 787 magistri
1561 743 1734 778 Wilhelmi
1752 747 1982 790 procuratoris

108 804 305 836 instanciam
328 804 491 846 magistro
510 801 668 836 Johanni.
685 812 729 836 ex
745 801 892 836 adverso
908 805 1117 848 procuratori
1134 803 1285 848 predicto
1311 803 1432 838 ibidem
1458 808 1619 850 presenti.
1643 805 1789 839 audienti
1806 811 1837 839 et
1855 805 1982 839 intelli-

108 865 203 908 genti
230 862 270 896 ad
306 862 577 909 respondendum
599 862 688 897 dicto
704 862 814 897 libello
834 863 993 909 litemque
1022 875 1126 910 super
1145 863 1264 897 eodem
1283 865 1536 899 contestandum
1554 871 1584 898 et
1602 870 1783 900 contestari
1802 866 1981 900 videndum

107 934 147 958 ac
162 922 206 958 ad
216 923 397 968 jurandum
409 928 441 957 et
458 923 897 970 deliberandumjurarique
912 929 944 957 et
962 923 1141 958 deliberari
1158 925 1337 959 videndum
1355 929 1385 960 in
1399 926 1460 960 hac
1473 939 1573 960 causa
1591 927 1631 960 de
1648 927 1834 974 calumpnia
1846 927 1982 962 vitanda

108 989 141 1019 et
177 987 321 1019 veritate
341 985 482 1019 dicenda
505 986 569 1019 tam
591 996 693 1031 super
713 984 803 1019 dicto
824 990 857 1019 ut
878 989 1079 1032 premittitur
1099 986 1210 1020 oblato
1231 986 1354 1023 libello.
1375 999 1471 1033 quam
1495 993 1560 1021 tota
1582 992 1729 1035 presenti
1751 1000 1851 1023 causa
1873 994 1985 1023 certos

111 1049 362 1093 peremptorios
391 1049 553 1080 terminos
582 1050 780 1080 succesivos
811 1052 1031 1094 conpetenter
1059 1048 1152 1081 duxit
1183 1049 1432 1093 assignandum.
1465 1048 1499 1083 ln
1529 1061 1594 1095 quo
1625 1050 1737 1083 ultuno
1767 1054 1985 1084 terminorum

111 1106 343 1154 predictorum
373 1110 517 1141 termino
547 1113 782 1154 competentes
807 1109 1012 1152 judicialiter
1039 1120 1153 1142 coram
1175 1109 1263 1142 dicto
1285 1110 1420 1144 domino
1442 1110 1581 1144 Nicolao
1602 1114 1762 1157 episcopo
1784 1117 1814 1145 et
1836 1112 1989 1145 auditore

116 1171 279 1214 magister
306 1167 511 1203 Wilhclmus
541 1180 582 1202 ex
615 1180 677 1203 nna
708 1175 738 1202 et
774 1169 948 1203 Johannes
977 1175 1216 1216 procuratores
1238 1172 1390 1216 predicti.
1412 1171 1530 1217 quibus
1551 1183 1649 1218 supra
1672 1173 1872 1209 inmunibus.
1898 1178 1991 1219 parte

117 1240 162 1264 ex
191 1229 255 1264 ntia
285 1234 318 1263 et
346 1240 407 1276 per
435 1230 573 1264 eosdem
605 1235 633 1263 et
666 1242 782 1264 eorum
813 1230 993 1276 quemlibet
1023 1230 1065 1265 de
1102 1236 1133 1265 et
1170 1243 1271 1278 super
1309 1233 1396 1266 dicto
1431 1232 1540 1266 libello
1570 1245 1681 1279 supra.
1713 1239 1745 1267 ut
1776 1238 1988 1279 premittitur.

117 1290 207 1326 dato.
237 1290 292 1325 lite
322 1291 472 1336 legitime
501 1296 688 1325 contestata
719 1297 750 1325 et
781 1291 1016 1326 nichilominus
1045 1292 1084 1326 ad
1115 1294 1305 1328 mandatum
1337 1297 1440 1340 ipsius
1461 1295 1584 1328 domini
1606 1298 1753 1341 episcopi
1776 1300 1806 1329 et
1828 1295 1989 1329 auditoris

122 1356 153 1386 et
184 1354 215 1386 in
244 1353 320 1396 eJus
350 1351 503 1386 manibus
534 1355 629 1385 tactis
659 1364 720 1399 per
748 1365 808 1386 eos
838 1358 868 1386 et
900 1364 1015 1387 eorum
1045 1353 1225 1399 quemlibet
1255 1355 1479 1401 corporaliter
1507 1359 1680 1402 scripturis
1700 1360 1927 1390 sacrosanctis
1948 1356 1988 1389 ad

118 1416 233 1447 sancta
263 1412 316 1446 dei
345 1413 522 1458 euangelia
553 1413 594 1447 de
624 1414 811 1460 calumpnia
841 1415 975 1448 vitanda
1005 1419 1035 1448 et
1066 1418 1209 1450 veritate
1239 1416 1378 1450 dicenda
1411 1422 1474 1450 tam
1505 1429 1607 1463 super
1636 1418 1724 1451 dicto
1759 1422 1789 1450 ut
1820 1418 1989 1464 prefertur

116 1472 229 1508 obtato
259 1473 384 1515 libello,
415 1486 512 1520 quam
545 1479 611 1507 tota
644 1475 835 1519 hujusmodi
866 1487 966 1509 causa
998 1475 1153 1510 hincinde
1183 1477 1290 1511 solitis
1319 1478 1507 1524 caliunpnie
1539 1482 1685 1524 prestitis
1711 1480 1863 1523 jurandis
1889 1481 1990 1523 jura—

118 1537 259 1577 mentis:
289 1534 408 1581 quibus
436 1538 484 1569 sic
506 1531 677 1582 prestit‘itis
698 1538 847 1582 prefatus
868 1537 1021 1571 (lominus
1050 1540 1229 1584 episcopus
1258 1544 1288 1572 et
1310 1540 1442 1573 auditor
1461 1540 1588 1573 eisdem
1617 1543 1785 1585 magistris
1806 1540 1989 1573 tt‘ilhetmo

114 1600 147 1631 et
173 1595 320 1630 Johanni
350 1596 627 1643 procuratoribus
659 1598 816 1631 hincinde
847 1598 1044 1633 instantibus
1075 1604 1104 1632 et
1137 1600 1337 1645 petentibus.
1368 1606 1398 1634 et
1429 1613 1544 1635 eorum
1576 1601 1708 1634 cuilibet
1739 1602 1777 1635 ad
1801 1602 1990 1646 ponendum

115 1661 149 1691 et
176 1657 419 1692 articulandum
451 1662 596 1704 ponique
626 1664 655 1693 et
686 1660 856 1693 articulari
887 1661 1064 1694 videndum
1096 1664 1127 1695 in
1158 1660 1220 1694 hac
1241 1673 1354 1697 causa,
1376 1667 1502 1695 eertum
1526 1666 1786 1708 peremptorium
1814 1666 1989 1696 terminum

119 1722 372 1764 competentem
403 1718 498 1753 duxit
529 1719 684 1754 hincinde
715 1721 944 1767 preligendum
974 1727 1004 1754 et
1036 1722 1180 1768 prefixit.
1212 1722 1246 1756 ln
1277 1734 1342 1767 quo
1372 1734 1432 1769 per
1461 1724 1610 1769 prefatos
1640 1726 1820 1767 magistros
1842 1723 1993 1757 Wilhel-

126 1789 215 1813 mum
258 1790 302 1814 ex
345 1791 408 1814 una
453 1785 485 1814 et
528 1780 717 1815 Johannem
763 1788 1013 1828 procuratores.
1057 1782 1175 1828 quilius
1218 1795 1316 1829 supra
1356 1783 1556 1818 nominihus.
1595 1796 1708 1818 coram
1740 1785 1828 1818 dicto
1857 1784 1992 1818 domino

120 1839 263 1875 Nicotao
291 1845 452 1888 episcopo
481 1846 512 1875 et
543 1842 696 1876 auditore
728 1843 902 1886 injudicio
923 1847 1119 1877 successive
1148 1849 1384 1890 comparentes
1415 1850 1507 1890 parte
1532 1857 1573 1879 ex
1597 1846 1671 1879 alia.
1693 1850 1722 1878 et
1746 1857 1806 1891 per
1827 1846 1990 1892 prelatum

120 1904 316 1948 magistrum
346 1902 563 1937 wilhelmum
594 1910 847 1950 procuratorem
879 1905 1032 1939 omnihus
1062 1911 1091 1937 et
1123 1906 1262 1944 singulis
1292 1906 1519 1951 posit-ionibus
1549 1912 1578 1939 et
1610 1907 1769 1940 articulis.
1802 1910 1831 1940 in
1865 1907 1988 1950 hujus—

116 1962 205 1997 modi
246 1974 349 1997 cause
391 1967 496 2010 prima
541 1968 701 1999 instancia
745 1966 839 1999 datis.
886 1970 1033 2012 repetitis
1075 1971 1106 1998 et
1153 1966 1204 2000 hic
1243 1966 1283 2000 de
1321 1978 1410 2000 novo
1450 1968 1657 2012 reprodnetis
1697 1972 1727 2000 et
1768 1979 1827 2013 per
1865 1968 1986 2001 dictum

117 2026 315 2069 magistrum
353 2023 542 2060 ,Iohannem
582 2032 835 2072 procuratorem
875 2028 1039 2061 nonnullis
1076 2027 1302 2073 posit-ionibus
1340 2033 1370 2060 et
1409 2029 1556 2062 articulis
1596 2029 1682 2062 laeto
1724 2029 1858 2063 realiter
1896 2034 1924 2061 et
1957 2032 1987 2062 in

120 2088 253 2132 scriptis
283 2097 344 2132 pro
373 2086 521 2132 partibus
550 2091 619 2121 suis
651 2087 808 2122 hincinde
840 2092 869 2122 in
901 2089 1087 2131 hujusmodi
1127 2101 1227 2123 causa
1268 2101 1327 2135 pro
1365 2091 1600 2123 satisfac-elom·
1639 2094 1769 2124 termini
1802 2090 1989 2133 lmjusuuuli

123 2145 282 2181 exhibitis
310 2151 342 2181 et
373 2148 555 2194 productis.
585 2149 734 2194 prelatus
765 2155 840 2184 tunc
870 2151 1021 2183 «leoninus
1052 2154 1229 2196 episcopus
1268 2156 1298 2183 et
1339 2154 1469 2184 auditor
1503 2151 1542 2184 ad
1574 2154 1720 2197 ipsorum
1752 2155 1988 2189 nnmistroruin

122 2206 295 2242 withelmi
325 2213 356 2242 et
386 2207 549 2244 ‹lohannis
580 2216 834 2256 procuratorum
867 2212 1020 2245 hincinde
1051 2215 1226 2245 instantem
1259 2215 1456 2258 peticionem
1488 2214 1613 2246 eisdem
1644 2218 1674 2245 et
1705 2224 1820 2246 eorum
1856 2212 1987 2246 cuilibet

115 2266 157 2302 nd
204 2268 382 2303 dicendum
430 2274 461 2303 et
510 2272 770 2316 opponendum.
819 2272 965 2317 quitquid
1015 2275 1073 2317 ipsi
1122 2272 1227 2305 verbo
1276 2273 1328 2306 vel
1377 2277 1406 2306 in
1455 2277 1586 2319 scriptis
1635 2279 1750 2307 eontra
1799 2274 1990 2307 alterutrius

128 2332 232 2376 partis
270 2334 462 2376 posiciones
498 2336 528 2364 et
567 2333 726 2366 articulos
765 2333 933 2378 predictos·
969 2334 1082 2366 dicere
1121 2334 1175 2367 vel
1214 2345 1386 2380 opponere
1416 2334 1584 2368 volebant.
1617 2338 1645 2367 in
1676 2339 1831 2378 quantum
1862 2334 1989 2368 articuli

119 2400 253 2425 necnon
289 2391 329 2425 ad
369 2392 639 2438 respondendum
679 2394 817 2428 eisdem.
856 2398 886 2428 in
925 2399 1080 2439 quantum
1117 2398 1307 2440 posicioues
1336 2395 1537 2430 existebant.
1568 2402 1694 2429 eertum
1727 2399 1986 2442 peremptorium

120 2454 300 2486 terminum
334 2458 582 2498 competentem
617 2458 805 2494 assignavit
836 2455 990 2489 hincinde
1021 2461 1049 2487 et
1082 2456 1225 2501 prefixit.
1276 2457 1309 2490 ln
1340 2457 1539 2502 quoquidi-m
1571 2461 1713 2490 termino
1743 2461 1926 2502 comparuit
1959 2460 1988 2490 in

117 2512 247 2557 jndicio
275 2524 390 2548 coram
421 2514 509 2548 dicto
547 2515 682 2549 domino
722 2515 861 2549 Nicotao
900 2528 1059 2563 episeopo
1095 2521 1124 2548 et
1155 2518 1306 2551 auditore
1338 2523 1497 2558 magister
1529 2517 1730 2551 wiltu-tinus
1762 2518 1827 2551 lieo
1858 2529 1988 2563 procu-

124 2578 216 2609 nior
254 2574 435 2621 predictus.
475 2586 540 2620 quo
576 2587 676 2622 supra
716 2582 859 2612 nomine.
899 2583 928 2609 et
970 2579 1088 2623 prelati
1126 2581 1275 2621 magistri
1306 2578 1469 2612 johannis
1499 2579 1538 2611 de
1569 2578 1741 2612 Scrihanis
1770 2590 1813 2612 ex
1843 2579 1990 2612 adverso

123 2639 353 2682 procuratoris
390 2647 454 2669 non
485 2641 723 2682 comparentis.
759 2642 1002 2672 contumaciam
1034 2641 1205 2671 accusavit
1249 2642 1422 2684 ipsumque
1465 2645 1696 2672 contnniaeem
1742 2643 1886 2685 reputari
1933 2651 1990 2685 per

123 2695 267 2730 eundem
302 2697 470 2731 dominum
510 2701 704 2744 episcopum
744 2704 774 2731 et
814 2699 998 2733 auditorem
1040 2705 1201 2733 instanter
1237 2701 1426 2745 postulavit.
1462 2705 1490 2733 et
1532 2704 1562 2734 in
1602 2704 1704 2746 ipsius
1743 2704 1986 2734 contnumciaui
