2347 3153
1318 193 1392 227 344

417 303 616 349 pontificalis
647 303 816 347 ‹lienitatis
847 304 878 334 in
909 300 971 334 hac
1001 304 1095 345 parte
1125 299 1280 332 duximus
1311 296 1543 339 deferendum,
1575 299 1600 330 si
1631 302 1747 330 contra
1773 299 1937 342 premissa
1967 296 2022 331 vel
2051 296 2172 342 aliquid
2201 307 2288 342 pre—

419 368 597 398 missorum
629 364 776 397 feceritis
806 373 865 408 per
893 372 956 395 vos
986 361 1041 393 vel
1071 359 1254 393 submissas
1289 369 1465 404 personas,
1505 368 1639 391 exnunc
1668 362 1766 403 prout
1795 362 1920 391 extunc
1949 357 2035 391 dicta
2065 368 2126 391 sex
2157 357 2285 391 dierum

417 428 579 459 canoniea
609 426 798 458 monicione
829 425 992 468 premissa
1014 424 1204 465 ingressum
1236 420 1383 453 ecclesie
1412 418 1642 452 interdicimus
1672 421 1705 452 in
1726 418 1788 452 hiis
1818 421 1964 464 scriptis.
1995 418 2031 452 Si
2061 428 2146 452 vero
2166 417 2288 452 huius-

418 487 506 520 modi
535 486 745 520 interdictum
776 472 836 530 per
865 483 947 516 alios
977 493 1037 515 sex
1075 481 1159 523 dies,
1196 481 1344 526 prefatos
1374 492 1436 514 sex
1467 480 1658 514 immediate
1687 484 1868 525 sequentes
1897 481 2134 523 sustinueritis,
2164 489 2227 513 vos
2258 481 2289 512 in

417 548 542 582 eisdem
583 549 716 592 scriptis
755 546 840 578 dieta
881 546 1041 577 canonica
1081 544 1272 576 monicione
1314 544 1479 587 premissa
1515 552 1651 574 exnunc
1688 544 1785 586 prout
1823 544 1948 573 extunc
1991 540 2227 586 suspendimus
2270 550 2288 574 a

417 610 559 645 divinis:
590 618 707 640 verum
738 609 765 639 si
795 605 942 651 prefatas
973 603 1140 638 interdicti
1179 606 1210 635 et
1248 604 1479 647 suspensionis
1517 604 1708 636 sentencias
1738 612 1798 647 per
1831 601 1914 635 alios
1944 612 2007 635 sex
2036 601 2107 634 dies
2136 599 2289 646 prefatos

417 670 592 703 duodecim
624 668 814 701 immediate
844 670 1026 711 sequentes
1065 667 1187 698 animo.
1225 663 1310 708 quod
1341 662 1438 696 absit.
1476 665 1699 697 sustinueritis
1728 662 1894 705 indurato⁷
1934 672 1996 695 vos
2026 672 2162 696 exnunc
2190 665 2290 708 prout

417 736 540 765 extunc
571 736 600 763 et
632 734 755 763 extunc
786 732 880 774 prout
921 737 1055 761 exnunc
1094 728 1125 759 in
1157 725 1218 758 hac
1248 728 1344 770 parte
1374 723 1518 757 rebelles
1548 724 1665 757 eadem
1697 726 1859 757 canonica
1898 725 2088 757 monicione
2125 725 2288 769 premissa

417 793 784 826 excommunicacionis
813 791 985 822 sentencia
1017 787 1226 821 innodamus.
1259 784 1326 818 Sed
1357 788 1384 818 si
1414 784 1534 830 prefati
1555 788 1745 830 prepositus
1775 789 1807 818 et
1835 784 2014 831 capitulum
2045 795 2084 818 ac
2113 782 2290 818 Conradns

417 852 604 887 Smer-beck
634 856 665 885 et
697 850 867 888 Georgius
897 849 937 882 de
968 847 1151 882 Gewiczka
1192 851 1247 880 aut
1276 849 1467 891 quicunque
1496 846 1549 879 alii
1580 848 1611 879 in
1642 845 1728 879 dicta
1758 845 1961 891 parrochiali
1991 845 2135 879 ecclesia
2171 847 2290 878 intrusi

416 920 446 947 et
484 917 589 947 eciam
628 911 816 946 intrudendi
855 911 978 955 aliique
1014 908 1281 942 contradicmres
1320 911 1352 940 et
1390 906 1534 940 rebelles
1574 906 1763 940 huiusmodi
1801 905 2018 952 processibus
2060 908 2185 940 nostris
2222 907 2289 940 imo

417 979 530 1009 verius
560 974 754 1020 apostolicis
783 977 815 1006 et
846 970 1089 1006 monicionibns
1120 972 1222 1002 ineis
1252 970 1417 1002 contentis
1447 967 1532 1000 infra
1563 967 1669 1001 dictos
1691 970 1852 1001 terminos
1872 978 1939 1001 non
1961 969 2133 1013 paruerint
2154 965 2292 1000 realiter

417 1042 447 1070 et
478 1048 552 1070 cuin
583 1036 717 1069 effectu.
746 1033 896 1079 prefatas
926 1032 1305 1072 excomniunicacionis‚
1335 1031 1566 1074 suspensionis
1588 1033 1620 1062 et
1648 1028 1813 1062 interdicti
1843 1030 2046 1071 sentencias,
2077 1027 2163 1073 quod
2194 1026 2290 1071 absit⁷

417 1097 669 1143 dampnabiliter
699 1094 913 1129 incurrendo.
971 1092 1011 1126 Et
1049 1095 1075 1125 si
1106 1094 1136 1124 in
1176 1090 1302 1124 eisdem
1334 1100 1394 1135 per
1423 1100 1484 1123 sex
1515 1089 1642 1123 dierum
1674 1092 1849 1123 terminum
1886 1092 2040 1135 proxime
2069 1091 2288 1134 sequencium

421 1159 631 1193 obstinatiter
667 1157 938 1203 perduraverint.
976 1159 1100 1187 extunc
1139 1156 1237 1198 prout
1275 1162 1409 1184 exnunc
1447 1155 1480 1183 et.
1518 1161 1652 1184 exnunc
1689 1154 1787 1196 prout
1825 1155 1948 1184 extunc
1987 1149 2081 1196 lapso
2111 1150 2198 1184 dicto
2228 1160 2291 1184 sex

416 1222 544 1255 dierum
575 1222 717 1253 termino
748 1230 809 1251 vos
840 1228 958 1251 onmes
988 1220 1019 1249 et
1049 1214 1199 1258 singulos
1221 1212 1432 1258 supradictos
1461 1215 1493 1244 et
1514 1214 1690 1257 presertim
1714 1210 1965 1245 ecclesiasticos
1994 1211 2094 1245 inodo
2115 1215 2149 1245 et
2169 1210 2289 1253 t'orma‚

415 1283 534 1329 quibus
564 1293 676 1327 supra.
708 1282 909 1325 requirimus
931 1282 961 1311 et
985 1286 1171 1310 monemus.
1203 1278 1367 1319 quatenus
1396 1273 1504 1306 dictos
1532 1275 1737 1318 prepositum
1768 1276 1799 1306 et
1828 1272 2006 1318 capitulum
2036 1283 2076 1306 ac
2096 1271 2289 1306 Conradum

415 1350 444 1378 et
476 1343 659 1387 Georgium
692 1346 721 1374 et
753 1350 972 1386 quoscunque
993 1338 1076 1371 alios
1106 1339 1137 1369 in
1168 1336 1253 1368 dicta
1276 1333 1478 1380 parrochiali
1509 1334 1654 1367 ecclesie
1684 1336 1831 1367 intrusos
1861 1338 1893 1367 et
1922 1336 2028 1367 eciam
2055 1333 2289 1375 intrudendos,

414 1406 564 1450 aliosque
595 1403 861 1437 contradictores
891 1404 921 1434 in
953 1399 1014 1433 hac
1037 1403 1131 1444 parte
1161 1401 1191 1430 et
1214 1396 1370 1429 rebelles.
1402 1394 1541 1439 singulis
1562 1394 1678 1428 diebus
1700 1394 1875 1428 dominicis
1904 1399 1936 1428 et
1957 1394 2088 1428 festivis
2114 1397 2146 1428 in
2166 1396 2290 1429 vestris

414 1472 444 1500 et
475 1466 546 1499 aliis
576 1464 830 1510 quilmscunque
860 1461 1016 1494 ecclesiis
1054 1460 1226 1504 campanis
1266 1457 1402 1502 pulsatis
1432 1461 1463 1489 ct
1493 1456 1641 1489 candelis
1679 1459 1833 1489 accensis
1862 1467 1902 1489 ac
1931 1455 2063 1490 demum
2104 1458 2136 1489 in
2166 1460 2289 1489 terram

416 1529 587 1574 projectis.
618 1529 664 1559 sie
687 1529 717 1557 ut
748 1525 958 1570 premittitur.
987 1522 1310 1556 excommunicatos,
1343 1528 1526 1563 suspensos
1548 1521 1579 1550 et
1608 1517 1804 1550 interdictos
1834 1516 1967 1562 publice
1997 1516 2082 1550 infra
2113 1518 2289 1550 missarum

414 1594 445 1623 et
466 1591 572 1622 eciam
595 1596 815 1633 vesperorum
838 1584 1035 1629 solempnia.
1059 1581 1180 1627 populo
1203 1579 1324 1613 ibidem
1346 1578 1385 1612 ad
1409 1578 1521 1611 divina
1543 1583 1765 1622 cone-regam.
1796 1589 1897 1611 cruce
1918 1582 2049 1612 errecta
2071 1582 2105 1611 et
2124 1577 2290 1622 religione

415 1650 535 1684 indicta
557 1660 630 1682 cuin
655 1648 896 1680 decantat-ione
918 1645 1125 1689 responsorii
1151 1640 1374 1687 „revelabunt
1395 1640 1456 1673 celi
1479 1642 1684 1684 iniquitatem
1707 1639 1806 1673 inde“
1838 1644 1902 1673 etc.
1929 1651 1969 1673 ac
1988 1639 2151 1685 psalmum
2183 1637 2290 1683 „deus

417 1712 544 1745 laudem
577 1720 683 1743 meam
715 1720 755 1741 ne
786 1708 954 1740 tacueris“
987 1709 1049 1738 ete.
1082 1703 1278 1737 solemniter
1308 1701 1517 1735 denuncietis
1548 1705 1580 1733 et
1609 1703 1744 1734 evitetis
1773 1712 1812 1734 ac
1849 1700 1890 1734 ab
1919 1701 1992 1734 aliis
2020 1703 2063 1734 ita
2094 1699 2290 1734 denunciari

415 1779 446 1807 et
484 1774 602 1806 evitari
640 1771 768 1804 faciatis
807 1773 837 1801 et
877 1769 1088 1813 permittatis,
1129 1764 1181 1797 ubi
1219 1763 1350 1809 quaudo
1390 1766 1420 1795 et
1458 1764 1621 1806 quociens
1658 1773 1717 1807 pro
1747 1766 1842 1808 parte
1881 1762 2041 1795 dictarum
2079 1761 2289 1795 dominarum

413 1834 582 1868 abbatisse
613 1836 643 1865 et
674 1834 862 1864 conventus
892 1839 993 1874 snper
1023 1827 1087 1860 hoc
1109 1826 1239 1859 fueritis
1261 1826 1409 1869 requisiti
1431 1827 1486 1855 aut
1506 1822 1623 1867 aliquis
1655 1827 1804 1856 vesu-um
1836 1823 1935 1856 suerit
1955 1825 2146 1868 requisitus,
2179 1821 2287 1856 donec

415 1895 501 1929 aliud
534 1907 550 1927 a
582 1892 678 1927 nobis
708 1892 761 1925 vet
793 1892 957 1936 superiori
999 1893 1112 1921 nostro
1153 1886 1335 1919 habueritis
1366 1887 1396 1918 in
1428 1884 1602 1917 mandatis.
1661 1884 1695 1917 Si
1732 1894 1816 1917 vero
1853 1883 2004 1929 prelibati
2035 1885 2224 1929 prepositus
2254 1886 2287 1915 et

413 1956 590 2002 capitulum
621 1966 659 1987 ac
681 1952 856 1987 Com-:idus
887 1956 914 1983 et
940 1950 1107 1991 Georgius=
1138 1947 1278 1993 predicti
1309 1945 1413 1979 etalii
1445 1945 1557 1978 forsan
1590 1948 1619 1978 in
1651 1944 1736 1978 dicta
1767 1944 1970 1990 parrochiali
2001 1944 2145 1979 ecclesia
2166 1945 2284 1978 intrusi

415 2019 466 2051 vel
508 2021 725 2062 imposterum
766 2012 953 2047 intrudendi
991 2011 1110 2055 aliique
1151 2008 1418 2042 contradictores
1457 2011 1484 2039 et
1528 2006 1671 2040 rebelles
1708 2011 1878 2052 pretactas
1917 2006 2285 2040 excommunicacionis

413 2080 644 2124 suspensionis
674 2081 703 2109 et
737 2075 900 2109 interdicti
931 2074 1123 2107 sentencias
1154 2082 1214 2116 pei·
1243 2069 1328 2102 alios
1358 2080 1417 2102 sex
1451 2068 1521 2101 dies
1552 2072 1625 2113 post.
1656 2067 1845 2100 huiusmodi
1876 2070 2014 2112 primam
2055 2070 2202 2101 vestram
2232 2069 2290 2099 aut

414 2142 553 2183 :ilieujus
585 2144 733 2171 vestrum
765 2137 1062 2169 deuuueiaeionem
1094 2143 1154 2177 per
1184 2142 1245 2163 vos
1281 2130 1335 2163 vel
1376 2129 1514 2162 alterum
1547 2133 1694 2161 vestrum
1727 2128 1846 2161 l‘actam
1888 2127 2078 2161 immediate
2108 2130 2289 2172 sequentes

416 2204 627 2235 >sisinium-uu
662 2201 780 2232 animis
810 2208 925 2229 eorum
958 2196 1129 2228 induratis.
1162 2197 1286 2225 extunc
1318 2190 1505 2224 huiusmodi
1527 2194 1660 2222 nostros
1691 2200 1871 2234 processus
1901 2193 1931 2221 ct
1962 2190 2153 2222 sentencias
2183 2191 2214 2221 iu
2240 2190 2289 2221 eis

414 2267 586 2295 eonteutas
616 2271 810 2296 aggravare
843 2258 996 2290 volentes
1028 2255 1123 2288 robis
1156 2255 1321 2286 universis
1361 2256 1390 2284 et
1421 2251 1560 2288 sine-ntis·
1590 2250 1789 2295 supradictis
1820 2254 1883 2283 tam
1919 2250 2159 2283 ecclesiasticis
2188 2259 2287 2294 quain

415 2323 622 2356 secularilms
653 2326 680 2352 et
714 2321 787 2353 :iliis
817 2318 1069 2363 quilmseuuqm·
1100 2312 1383 2348 christifidelibus.
1415 2312 1452 2345 ad
1485 2323 1623 2356 qum-uui
1656 2314 1812 2344 noticiam
1844 2315 2018 2356 presentes
2048 2314 2162 2344 nostre
2192 2309 2289 2343 litere

414 2386 642 2430 pertenet-int.
677 2385 705 2414 in
730 2384 850 2413 vti-uu«-
873 2383 987 2412 sauete
1009 2377 1206 2410 olwdieneie
1228 2379 1259 2407 et
1280 2373 1340 2407 sub
1361 2376 1456 2418 penis
1477 2384 1575 2418 supra
1599 2378 1626 2404 et
1652 2372 1872 2417 infrascriptis
1891 2372 2060 2405 'districius
2087 2369 2288 2413 inhibemus,

415 2458 454 2478 m·
486 2445 622 2490 pretatis
661 2444 843 2488 preposito.
885 2439 1028 2484 capitulo
1068 2443 1096 2469 et
1139 2436 1296 2469 som-ado
1333 2439 1360 2467 et
1402 2434 1551 2474 (leui-mo
1597 2438 1648 2466 aut
1694 2436 1799 2467 eciam
1840 2432 2092 2477 quibuscunque
2132 2433 2161 2465 in
2201 2430 2287 2465 (licta

416 2505 615 2552 puri-oehiali
647 2504 792 2536 ecelesia
825 2504 958 2534 intrusis
990 2500 1041 2533 wi
1071 2503 1286 2543 uuposteruui
1319 2495 1525 2529 intrudendis
1546 2495 1688 2539 aliisque
1718 2493 2020 2527 contradictoribus
2050 2496 2081 2526 in
2112 2491 2174 2526 hac
2194 2495 2289 2538 parte

414 2572 443 2599 et
476 2565 664 2599 rebellibus.
698 2567 745 2596 ⁴sie
776 2568 804 2595 ut
839 2562 1016 2608 prel'ertur.
1049 2560 1351 2592 exeomuuiuiratis
1380 2558 1555 2601 suspensis
1586 2560 1614 2588 et
1648 2555 1844 2591 interdictis
1885 2553 2072 2598 hujusmodi
2107 2554 2290 2588 sentenciis

414 2626 617 2660 durantibus.
651 2625 736 2657 eibo.
769 2629 857 2669 potu.
891 2622 1033 2667 loquela.
1074 2622 1181 2653 l'uruo.
1221 2618 1423 2654 molemluio,
1454 2620 1641 2662 empcione,
1684 2616 1896 2654 vendicione„
1928 2617 2139 2648 iuutuacione
2168 2624 2286 2659 agrum

416 2688 467 2720 wl
492 2691 622 2720 vnn—:un
647 2685 800 2718 eoleudo.
832 2683 1014 2717 ⁴*ertu-udo
1045 2693 1163 2726 aquam
1188 2681 1238 2713 xel
1263 2683 1373 2721 iguem
1397 2678 1626 2715 iniussu-aiulo„
1658 2677 1867 2723 hospitando,
1898 2675 2087 2719 salutando,
2109 2674 2287 2719 cantando,
