2347 3153
0 78 16 105 ’1

1062 219 1136 252 457

169 325 385 368 pragensium
414 326 446 355 et
476 324 638 356 nioravici
668 325 799 371 numeri
829 326 902 356 veri
932 327 961 356 et
992 334 1114 356 census
1134 326 1234 358 annui
1262 327 1413 370 perpetui
1435 323 1473 357 ad
1495 323 1611 361 altare,
1634 326 1666 357 in
1687 323 1830 357 ecclesia
1853 323 2034 368 parochiali

164 386 273 418 sancti
302 381 389 418 Petri
420 386 578 430 principis
607 383 837 429 apostolorum
868 387 899 417 in
930 383 1086 429 preurbio
1116 385 1332 419 Olomucensi
1362 387 1459 419 situm
1491 387 1522 418 in
1543 389 1636 430 parte
1656 384 1775 418 dextra
1796 388 1872 417 ante
1893 383 2031 417 clioruin

166 447 270 491 ipsius
298 443 456 485 ecclesie,
488 445 558 486 jam
598 448 766 478 errectum
806 449 836 477 et
873 445 911 477 ad
949 445 1078 478 laudem
1117 445 1267 479 altissimi
1305 445 1366 480 sub
1402 446 1493 480 titulo
1523 448 1594 479 eius
1623 447 1797 490 genitricis
1827 447 2034 478 visitacionis

163 508 307 552 virginis
336 507 534 539 intemerate
553 504 661 539 Marte
690 509 721 538 et
751 510 866 538 sancte
887 505 1070 539 Katlieriue
1101 509 1242 551 virginis
1272 507 1549 541 consecrandum.
1580 509 1622 540 ita
1653 511 1775 542 tamen,
1805 505 1892 551 quod
1914 506 2032 539 eedem

166 565 229 601 Vll
261 578 374 601 marce
417 569 448 600 in
478 571 510 600 et
539 576 641 612 super
678 565 826 599 discreto
865 570 937 600 viro
967 566 1121 601 ,iohanne
1158 568 1246 601 dicto
1277 567 1454 602 llaiiussek
1483 573 1513 601 et
1543 570 1612 602 suis
1640 566 1833 601 heredibus.
1859 566 1973 610 judice
2002 571 2035 599 et

159 627 293 672 judicio
322 630 354 661 in
383 627 461 661 villa
491 625 656 661 Cunwald
686 626 748 660 sub
779 627 925 661 dominio
955 629 1093 661 naturali
1129 629 1309 663 reverendi
1338 632 1371 663 in
1401 628 1534 663 Christo
1563 631 1665 675 patris
1695 632 1725 661 et
1755 628 1879 661 domini
1910 627 2033 661 domini

172 687 359 723 Laczkonis
389 687 442 722 dei
471 692 504 722 et
533 687 719 734 apostolice
748 688 837 721 sedis
873 691 986 733 gracia
1027 692 1174 736 episcopi
1205 690 1439 724 Oloiiiucensis
1467 694 1609 735 quatuor
1637 694 1667 722 et
1699 694 1766 722 tres
1797 699 1910 722 marce
1940 691 1971 721 iii
2001 692 2031 721 et

170 759 273 796 super
300 751 402 783 certis
431 748 586 783 domibus
615 753 645 782 et
677 748 930 794 possessoribus
960 761 1075 783 eorum
1107 753 1137 783 in
1167 754 1303 784 civitate
1325 751 1486 784 olomucz
1516 754 1546 784 in
1577 753 1736 784 terminis.
1759 754 1854 795 prout
1877 752 1906 782 in
1928 749 2032 782 literis

164 813 351 857 empcionis
388 814 419 844 et
456 809 668 844 vendicionis
706 813 808 856 ipsius
846 821 970 844 census
1007 811 1224 854 originalibus
1262 812 1365 845 lacius
1403 812 1587 846 dinoscitur
1615 813 1792 848 contineri,
1831 821 1890 856 pei·
1920 822 1971 844 ine
2001 814 2033 844 ct

163 882 384 907 successores
413 882 507 905 meos
536 874 775 917 percipiantur.
806 870 927 904 Curam
958 883 1042 904 vero
1071 877 1102 905 et
1133 875 1284 917 regimen
1314 874 1390 907 dicti
1421 873 1537 906 altaris
1561 878 1590 906 et
1614 875 1790 918 presertim
1812 871 2031 905 collacioneiii

165 935 269 980 ipsius
297 931 503 979 temporibus
532 935 601 965 vite
631 943 705 965 mee
735 942 796 978 pro
826 943 878 966 me
909 944 1088 966 reservare
1119 945 1270 980 propono
1301 934 1353 968 tali
1384 939 1493 968 tamen
1515 934 1713 967 condicione
1733 933 1869 979 speciali
1891 933 2031 966 adiecta.

167 993 255 1040 quod
284 993 438 1028 omnibus
467 988 498 1027 et
528 992 669 1037 singulis
690 992 887 1027 ebdomadis
909 1005 966 1026 seii
988 998 1183 1039 septimanis
1204 996 1242 1028 :ul
1266 995 1479 1029 ol't'icianduiii
1501 1000 1643 1040 quatuor
1664 998 1782 1028 missas
1804 995 2034 1038 iuli-ascriptas

166 1058 201 1090 in
229 1055 319 1090 dicto
348 1055 443 1089 altari
483 1059 646 1100 perpetuo
685 1059 838 1100 tempore
869 1066 921 1089 me
951 1060 981 1088 et
1012 1066 1230 1089 successores
1261 1067 1354 1089 meos
1383 1059 1544 1093 astringo.
1576 1056 1730 1089 videlicet
1761 1067 1858 1088 unam
1888 1054 2034 1089 sabbatis

167 1115 286 1151 diebus
314 1116 355 1150 de
383 1116 516 1149 domina
547 1121 659 1150 nostra
691 1118 824 1160 virgine
852 1116 1012 1161 gloriosa.
1049 1117 1228 1150 secundam
1269 1118 1350 1151 seria
1381 1117 1527 1151 secunda
1559 1129 1617 1162 pro
1647 1117 1823 1150 defunctis.
1854 1117 1917 1149 alie
1948 1127 2034 1150 vero

167 1177 232 1212 due
261 1179 363 1211 misse
391 1175 523 1211 stabunt
553 1177 593 1209 ad
624 1181 738 1210 nutum
774 1176 962 1211 officiantis.
1002 1189 1065 1222 quc
1095 1178 1225 1223 quidem
1258 1181 1358 1212 misse
1398 1190 1457 1224 per
1496 1179 1593 1212 alium
1623 1181 1719 1211 eciai.
1761 1177 1914 1210 idoneum
1946 1178 2033 1211 licite

164 1243 307 1285 possunt
337 1238 482 1284 expleri.
514 1236 552 1271 Et
583 1241 610 1271 si
639 1240 810 1282 contingat
842 1249 894 1272 nie
924 1239 1044 1272 dictum
1075 1239 1179 1272 altare
1210 1251 1268 1284 pro
1291 1240 1354 1273 alio
1377 1239 1540 1273 beneficio
1561 1239 1791 1273 ecclesiastico
1812 1243 2032 1273 commutare.

161 1302 258 1334 cuius
286 1298 485 1334 facultatem
517 1298 594 1332 milii
626 1302 746 1343 vigore
776 1303 988 1345 presencium
1019 1311 1171 1334 reservo.
1203 1306 1278 1334 tunc
1309 1304 1346 1334 is.
1377 1312 1450 1334 cuni
1481 1312 1545 1346 quo
1575 1299 1738 1333 cambium
1770 1300 1896 1333 fecero.
1923 1303 2032 1333 omniu

163 1371 268 1395 onera
298 1359 465 1394 tenebitur
502 1371 541 1393 ea
580 1360 752 1405 supplere.
809 1360 922 1394 Onera
959 1366 1068 1395 autem
1109 1365 1172 1394 mei
1213 1363 1264 1395 vel
1304 1373 1432 1395 mecum
1463 1361 1626 1395 cambium
1657 1361 1809 1395 facientis
1838 1361 1878 1394 ad
1909 1361 2030 1394 ‹lictum

160 1421 266 1456 altare
294 1424 503 1456 successoris
533 1425 566 1455 et
593 1432 730 1455 suorum
766 1426 980 1467 posterorum
1012 1422 1073 1455 licc
1102 1427 1209 1455 eruut.
1241 1422 1358 1467 quibus
1387 1426 1492 1456 eciam
1514 1422 1706 1468 specialiter
1726 1424 1862 1465 iniungo
1883 1433 1922 1455 ac
1943 1426 2030 1467 peto.

167 1482 254 1529 quod
297 1493 358 1529 pro
400 1493 474 1517 mea
518 1485 676 1529 precipue
720 1488 751 1516 et
794 1483 925 1517 demum
971 1494 1030 1529 pro
1072 1486 1216 1516 sumtum
1261 1487 1433 1528 parentum
1473 1495 1511 1516 ac
1545 1485 1870 1528 consanquineormii
1900 1493 2030 1515 necnon

162 1543 524 1579 recommendatorum
556 1532 706 1578 meorum
737 1547 920 1578 animarum
951 1545 1055 1578 salute
1085 1546 1181 1577 deum
1212 1548 1471 1590 omnipotentem
1502 1545 1720 1578 devotissime
1750 1543 1840 1577 lioris
1861 1546 2031 1577 canonicis

161 1609 195 1639 et
225 1604 350 1650 vigitiis
385 1609 417 1638 et
457 1607 634 1639 missarum
674 1604 794 1639 officiis
832 1616 893 1651 per
928 1617 987 1639 eos
1017 1604 1228 1638 celebrandis
1258 1605 1393 1638 cottidie
1422 1606 1656 1651 deprecentur.
1687 1605 1857 1638 dumtaxat
1887 1603 2031 1638 liumane

173 1665 363 1712 fragilitatis
392 1665 598 1700 obstaculum
630 1669 719 1712 ipsos
749 1677 814 1700 non
845 1666 1054 1713 impediverit
1084 1671 1114 1699 ct
1145 1666 1231 1710 quod
1255 1669 1397 1711 ipsarum
1420 1670 1593 1699 missarum
1616 1665 1724 1699 ol'licia
1747 1664 1857 1698 debito
1878 1670 2030 1711 tempore

159 1731 193 1761 et
233 1729 306 1762 sine
343 1730 464 1773 quovis
500 1727 685 1773 preiudicio
721 1727 867 1761 ecclesie
905 1732 935 1761 et
975 1727 1103 1773 plebani
1143 1727 1260 1760 ibidem
1301 1731 1476 1761 existentis
1515 1732 1611 1773 prout
1641 1729 1741 1760 moris
1779 1731 1829 1760 cst
1859 1726 2030 1772 complere

162 1791 351 1829 teneantur,
389 1792 560 1833 totumque
599 1788 718 1834 prefati
755 1788 869 1822 altaris
906 1789 1110 1821 offertorium
1150 1793 1179 1820 et
1218 1788 1283 1821 alie
1313 1788 1436 1822 t'liristi
1479 1788 1621 1822 lidelium
1660 1787 1854 1821 oblaciones
1884 1786 2026 1833 plebano

160 1846 291 1883 cedere
332 1847 475 1883 debeant
518 1853 550 1883 et
592 1860 658 1882 non
699 1849 857 1883 altaristis
899 1860 960 1883 nec
1002 1849 1178 1894 quidquam
1215 1849 1256 1882 ‹le
1295 1853 1503 1883 testamentis
1533 1860 1592 1895 per
1621 1848 1844 1895 parochianos
1875 1848 2027 1893 lt·griiii‹lis

164 1911 281 1943 contra
311 1909 516 1944 voluntatem
558 1909 688 1956 plebani
729 1921 788 1956 pro
818 1921 855 1943 se
886 1910 1100 1956 usurpabunt.
1160 1910 1297 1955 lus-uper
1327 1911 1415 1945 volo.
1447 1911 1531 1955 quod
1563 1911 1709 1956 prefatas
1738 1914 1881 1955 quatuor
1911 1912 2028 1943 missas

170 1969 269 2005 modo
306 1975 340 2004 ut
376 1971 546 2017 prefertur
583 1982 642 2017 per
680 1983 716 2004 se
756 1974 846 2017 ipsos
883 1972 1052 2005 dumtaxat
1094 1975 1122 2004 iu
1160 1973 1248 2004 dicto
1285 1973 1380 2005 altari
1424 1975 1591 2017 perpetuis
1621 1970 1825 2018 temporibus
1867 1971 2027 2017 conplere

164 2034 354 2074 teneantur,
392 2035 502 2066 tumen
541 2032 617 2066 dum
656 2043 692 2065 se
731 2036 860 2078 tempus
897 2043 1082 2069 congruum
1122 2032 1275 2066 obtulerit
1311 2038 1341 2065 et
1380 2033 1512 2078 quaudo
1551 2033 1668 2066 festum
1706 2032 1889 2078 sollempne
1929 2032 2024 2065 dictis

162 2089 290 2126 officiis
327 2101 392 2126 non
431 2097 607 2139 repugnat.
665 2092 703 2126 Et
743 2096 772 2126 iii
812 2097 968 2126 eventum
1008 2093 1059 2126 ulii
1099 2092 1272 2126 celi-lirare
1302 2094 1411 2138 aliquo
1440 2094 1567 2127 dicrum
1598 2096 1859 2139 prescriptorum
1890 2096 2023 2126 missum

160 2152 388 2198 neglexerint.
418 2156 527 2187 statim
558 2164 617 2199 pro
647 2165 731 2200 pena
771 2157 889 2187 vitrico
928 2154 1014 2187 dicte
1043 2154 1187 2187 ecclesie
1220 2155 1361 2187 medium
1398 2165 1553 2195 grossum
1593 2157 1768 2198 assignare
1798 2153 1964 2188 tenebitur
1993 2158 2023 2185 et

159 2212 201 2248 ad
244 2212 388 2248 dandum
429 2214 572 2248 medium
609 2225 765 2258 grossum
806 2218 933 2249 tociens
972 2216 1100 2260 prelato
1140 2220 1260 2247 vitrico
1297 2214 1511 2252 obligabitur.
1550 2218 1711 2260 quociens
1746 2218 1849 2261 ipsum
1890 2217 2023 2248 missam

162 2273 351 2320 neglexerit
388 2274 575 2308 celebrare.
632 2275 733 2310 Cuius
771 2287 856 2322 pene
895 2276 1055 2309 medietas
1086 2281 1170 2308 inter
1200 2287 1366 2320 pauperes
1395 2275 1493 2309 debet
1528 2275 1678 2309 distribui
1707 2280 1739 2309 et
1768 2275 1831 2310 aliu
1862 2276 2021 2309 medietas

168 2344 230 2381 pro
258 2334 434 2370 luminibus
463 2335 610 2370 ecclesie
639 2342 867 2371 convertetur.
889 2349 953 2382 que
974 2348 1079 2369 eciam
1102 2337 1222 2369 lumina
1244 2341 1394 2382 tempore
1415 2340 1623 2370 necessitatis
1645 2348 1704 2383 per
1725 2336 1846 2370 dictum
1870 2339 2022 2370 vitricum

163 2398 247 2443 ipsis
273 2396 431 2431 altaristis
468 2397 708 2431 concedantur.
766 2397 873 2432 Debet
910 2401 1014 2431 eciam
1045 2398 1191 2430 attan-ta
1222 2402 1253 2430 et
1284 2401 1332 2431 >ui
1364 2409 1581 2432 successores
1611 2408 1670 2444 pro
1699 2397 1834 2443 speciali
1866 2398 2021 2431 famulatu

164 2455 311 2492 ecclesie
338 2461 371 2491 et
404 2456 535 2504 plebani
576 2457 696 2492 ibidem
737 2458 890 2492 faciendo
928 2459 1067 2495 singuli>
1097 2457 1212 2490 diebus
1243 2458 1418 2491 dominicis
1447 2463 1477 2491 et
1508 2459 1638 2492 festivis
1667 2463 1697 2491 et
1727 2461 1857 2502 mugnis
1888 2460 2022 2491 testivi-

161 2515 284 2552 tatibus
311 2518 560 2564 suppelliciatus
590 2518 709 2552 officiis
741 2524 772 2552 et
802 2518 1074 2565 processionibus
1105 2523 1258 2552 uiti-ress(
1299 2530 1427 2552 necnon
1458 2523 1488 2553 iii
1519 2518 1752 2553 festivitatibus
1781 2524 1896 2553 sancte
1919 2519 2021 2553 ,tlara-

159 2581 192 2611 et
223 2579 370 2612 omnium
400 2579 628 2624 apostolorum
658 2590 697 2612 ac
728 2583 833 2613 sancti
855 2579 997 2614 Martini.
1021 2578 1214 2612 lt'atlieruie.
1245 2579 1471 2613 ‹li-dicacionis
1501 2583 1602 2625 ipsius
1631 2579 1776 2614 ecclesie
1805 2585 1834 2612 et
1866 2583 1895 2613 iu
1923 2585 2021 2611 teue-

160 2636 270 2672 brosis
299 2642 464 2672 matutinis
494 2642 599 2685 ipsum
631 2638 806 2686 plebanum
845 2644 875 2674 iu
906 2646 1001 2673 cantu
1029 2639 1178 2682 juvando
1208 2644 1272 2673 tam
1304 2644 1334 2673 iii
1366 2643 1517 2686 vesperis
1546 2651 1643 2685 quam
1674 2643 1704 2674 in
1735 2644 1842 2675 missis
1874 2641 2022 2673 *inoliter

159 2697 260 2733 debet
295 2702 471 2733 interesse.
529 2698 563 2733 1η
603 2700 655 2733 die
693 2705 803 2734 autem
841 2700 948 2734 obitu:-
989 2703 1050 2734 mei
1090 2705 1120 2731 et
1162 2703 1191 2733 in
1231 2703 1465 2734 aninversurio
1504 2706 1672 2747 perpetuis
1701 2701 1904 2747 temporibu>
1935 2701 2019 2732 ulcu·
