2347 3153
1013 226 1087 260 ‘77

116 334 272 374 fecerint,
303 343 380 366 esse
419 332 538 366 debent
569 344 586 366 a
616 332 711 366 nobis
747 337 786 375 et,
808 336 931 366 nostris
969 330 1224 365 successoribus
1263 331 1409 376 desuper
1450 332 1541 374 quitti
1581 328 1674 362 liberi
1704 334 1734 362 et
1765 330 1873 362 soluti.
1905 341 1989 374 quos

116 397 224 429 eciam
256 424 261 428 .
295 422 301 427 .
329 393 460 438 judices
492 421 497 426 .
530 420 535 426 .
562 395 692 437 juratos
722 398 752 426 et
783 396 878 427 cives
917 404 977 438 pro
1016 398 1169 438 tempore
1209 395 1395 425 existentes
1436 402 1495 437 pro
1535 390 1630 424 nobis
1668 395 1698 422 et
1735 390 1987 423 successoribus

116 458 240 490 nostris
270 454 332 488 boc
362 465 455 489 casu.
487 459 517 487 ut
548 457 757 500 premittitur.
787 454 927 487 dicimus
959 454 1102 487 fatemur
1131 453 1302 486 reddimus
1331 457 1363 485 et
1394 452 1535 485 facimus
1555 454 1690 484 omnino
1713 454 1845 496 quittos.
1868 450 1989 484 liberos

118 518 250 562 penitus
279 520 311 549 et
340 515 477 549 solutos.
536 514 571 548 Si
602 526 696 548 vero.
726 515 812 560 quod
854 514 950 548 absit.
991 514 1067 548 dicti
1100 513 1208 558 judex
1238 513 1394 547 consules
1420 514 1522 556 jurati
1553 517 1583 546 et
1614 515 1708 545 cives
1739 515 1767 545 iu
1800 511 1988 557 Wyscbaw

117 587 179 624 pro
208 581 360 622 tempore
389 575 494 609 dictas
523 575 698 609 duodecim
728 586 860 609 marcas
890 578 988 609 annui
1019 586 1142 609 census
1172 577 1322 608 terminis
1351 577 1590 620 suprascriptis
1629 579 1683 606 aut
1712 573 1821 618 aliquo
1843 577 1987 619 ipsorum

117 642 152 671 ut
180 639 382 684 premittitur
410 647 476 670 non
505 636 667 670 solverint
697 640 750 669 aut
781 636 917 670 solvere
949 636 1161 681 neglexerint
1201 636 1254 669 vel
1285 638 1519 669 recusaverint
1551 635 1638 668 dicto
1669 634 1807 668 Audi-ee
1837 639 1890 667 aut
1922 637 1990 668 suis

119 696 395 745 procuratoribus
424 700 497 731 sive
527 700 779 732 commissariis.
809 702 933 731 extunc.
963 699 1125 742 quociens
1155 702 1184 730 et
1223 696 1357 742 quando
1395 696 1457 729 boc
1498 699 1683 740 continget.
1724 699 1794 741 ipse
1833 694 1990 729 Andreas

118 763 174 793 aut
202 761 253 793 sui
283 763 520 805 procuratores
549 761 622 792 sive
652 761 874 792 commissarii
905 757 1073 792 habebunt
1104 763 1135 790 et
1166 757 1290 791 babere
1321 756 1440 790 debent
1471 768 1489 790 a
1519 756 1614 790 nobis
1643 762 1674 790 et
1701 759 1824 790 nostris
1845 767 1990 790 succes-

120 818 254 854 soribus
293 819 430 853 liberam
467 823 665 865 potestatem
703 824 733 852 et
772 822 1017 852 auctoritatem.
1058 822 1148 865 ipsos
1182 819 1329 862 judicem
1368 818 1527 852 consules
1560 820 1691 862 juratos
1729 823 1761 851 et
1799 820 1894 851 cives
1932 828 1991 863 pro

121 885 274 928 tempore
303 884 501 923 existentes,
531 881 571 914 ad
603 880 789 914 huiusmodi
825 880 1033 914 solucionem
1072 880 1209 913 arcendi
1249 879 1470 925 compellendi
1503 879 1637 913 ubilibet
1667 879 1815 913 locorum
1846 878 1990 924 quolibet

115 941 244 987 judicio
273 942 505 976 ecclesiastico
535 941 589 975 vel
617 941 772 975 seculari.
832 940 867 975 ln
903 952 1044 986 quorum
1083 944 1231 974 omnium
1270 945 1299 973 ct
1340 941 1547 985 singulorum
1585 942 1809 974 testimonium
1847 939 1990 984 sigillum

121 1007 272 1038 nostrum
302 1002 344 1036 de
373 1006 464 1036 certa
486 994 606 1036 'nostra
637 1005 783 1036 sciencia
819 1007 851 1036 et
887 1002 1043 1036 mandato
1082 1001 1293 1048 presentibus
1334 1006 1382 1034 est
1422 1012 1616 1047 appensum.
1674 1000 1792 1034 Datum
1830 1000 1992 1034 Olomucz

122 1067 155 1099 in
183 1063 238 1098 die
266 1066 373 1097 sancti
402 1062 519 1097 Jacobi
548 1063 689 1109 apostoli
719 1074 806 1097 anno
836 1063 959 1097 domini
992 1063 1169 1097 millesimo
1199 1063 1532 1108 quadi-ingentesimo
1564 1065 1679 1096 tercio.

280 1123 320 1158 Et
350 1135 411 1158 nos
440 1124 598 1159 Andreas
627 1124 786 1158 decanus.
818 1124 975 1158 Andreas
1005 1124 1263 1158 archidiaconus
1303 1129 1331 1157 et
1364 1124 1544 1169 capitulum
1583 1123 1727 1157 ecclesie
1757 1123 1993 1156 Olomucensis

123 1184 286 1234 predictis
324 1184 483 1219 videlicet
519 1185 708 1219 vendicioni
748 1185 960 1230 ‹iepiitacioni
1001 1187 1228 1230 assignat-iuni
1269 1184 1444 1218 duodecim
1487 1195 1674 1217 marcarum
1719 1186 1816 1217 annui
1861 1193 1994 1217 census.

123 1248 213 1282 dicto
233 1245 374 1281 Andree
395 1246 502 1281 facus.
524 1250 556 1279 ut
578 1245 756 1292 prefertur.
780 1249 980 1279 unanimiter
1001 1246 1216 1279 concorditer
1242 1250 1271 1278 et
1294 1245 1522 1291 capitulariter
1543 1247 1743 1290 congregati
1763 1246 1995 1278 consensimus

123 1314 155 1343 et
198 1306 410 1354 presentibus
453 1309 692 1341 consentimus.
751 1306 785 1340 ln
823 1318 964 1351 quorum
1005 1310 1229 1341 testimonium
1268 1318 1330 1340 una
1367 1318 1441 1340 cuni
1473 1306 1582 1351 sigillo
1614 1305 1794 1339 rexerendi
1825 1308 1856 1339 in
1887 1305 1996 1338 Cristo

124 1372 227 1417 patris
255 1374 287 1403 et
316 1368 440 1403 domini
470 1370 575 1402 nostri
613 1368 736 1402 domini
768 1367 954 1402 Laczkonis
984 1371 1133 1414 episcopi
1171 1368 1407 1401 olomucensis
1437 1367 1478 1400 de
1516 1371 1607 1400 certa
1647 1372 1758 1400 nostra
1788 1369 1934 1400 sciencia
1965 1371 1993 1398 et

124 1430 281 1465 mandato
310 1429 455 1475 sigillum
485 1428 618 1475 capituli
649 1432 751 1462 nostri
782 1431 889 1463 eciam
921 1429 1133 1475 presentibus
1163 1434 1212 1463 est
1243 1440 1440 1475 appensum.

282 1488 352 1525 Nos
381 1500 514 1536 quoque
538 1490 644 1534 Judex
673 1490 830 1523 consules
854 1491 957 1533 jurati
995 1494 1026 1523 et
1062 1493 1156 1524 cives
1196 1493 1226 1524 iu
1258 1489 1450 1535 Wyscbaw
1489 1489 1746 1524 racionabilibus
1776 1488 1996 1536 peticionibus

125 1556 158 1586 et
187 1551 350 1586 mandatis
379 1551 502 1584 domini
531 1538 634 1584 nostri
663 1553 809 1595 graciosi
840 1551 963 1584 domini
995 1549 1180 1584 Laczkonis
1202 1554 1350 1597 episcopi
1374 1550 1622 1584 (tlomucensis.
1644 1562 1708 1595 que
1730 1555 1759 1583 ut
1783 1553 1995 1596 premittitur.

126 1624 171 1648 ex
200 1615 404 1647 necessitate
424 1615 456 1645 et
477 1610 519 1645 de
540 1622 706 1645 consensu
730 1611 901 1645 voluntate
922 1616 952 1644 et
975 1623 1114 1645 assensu
1138 1611 1380 1645 v1.·nerabiliuin
1404 1615 1554 1645 virorum
1577 1612 1785 1645 dominorum
1808 1616 1996 1644 nostrorum

97 1671 504 1709 “decani-archidiaconi
533 1676 564 1705 et
603 1672 736 1718 capituli
775 1672 922 1706 ecclesie
952 1672 1189 1707 (tlomucensis
1228 1673 1419 1718 supradicte
1461 1677 1715 1718 processerunt.
1746 1671 1941 1705 obedientes
1971 1678 2000 1704 et

127 1738 315 1770 annuentes
344 1735 566 1780 promittimus
595 1732 806 1784 presentibus
836 1732 922 1766 bona
945 1738 1058 1766 nostra
1082 1734 1144 1767 lide
1166 1734 1294 1778 absque
1315 1733 1403 1774 dolo‚
1426 1733 1576 1767 discreto
1599 1736 1670 1766 viro
1692 1733 1831 1766 Audi-ee
1853 1733 2001 1777 Stoyslai

127 1796 170 1830 de·
197 1793 338 1830 Gewicz
367 1793 561 1840 supradicto
589 1798 643 1827 aut
673 1798 741 1827 suis
772 1793 1046 1839 procuratoribus
1076 1798 1148 1828 sive
1179 1797 1418 1828 coiiuuissariis
1440 1794 1648 1840 supradictas
1669 1794 1844 1827 duodecim
1867 1805 1998 1827 marcus

127 1867 327 1902 grossorum
355 1858 455 1889 annui
485 1865 607 1889 census
636 1859 666 1887 et
698 1858 825 1888 numeri
856 1855 1124 1900 supradictorum
1165 1859 1194 1889 in
1226 1858 1375 1889 torminis
1406 1858 1650 1901 suprascriptis
1688 1856 1767 1888 dare
1805 1855 2002 1900 persolvere

128 1922 160 1952 et
189 1920 264 1952 sine
292 1916 486 1951 difficultate
515 1915 658 1963 qualibet
689 1919 876 1960 assignare.
924 1915 957 1949 ln
988 1928 1066 1949 casu
1100 1928 1194 1950 vero.
1227 1920 1252 1950 si
1284 1917 1388 1949 dictas
1421 1916 1598 1950 duodecim
1630 1928 1760 1950 marcas
1791 1919 1820 1949 in
1852 1902 2002 1950 terminis

130 1979 382 2025 suprascriptis.
424 1977 476 2011 vet
513 1977 623 2023 aliquo
661 1979 820 2023 ipsorum.
861 1977 948 2010 dicto
979 1977 1118 2010 Andree
1157 1983 1210 2010 aut
1250 1980 1318 2011 suis
1354 1977 1630 2022 procuratoribus
1660 1979 1732 2010 sive
1762 1979 2002 2010 commissurus

131 2049 198 2073 uon
227 2037 429 2073 solverimus
458 2042 512 2072 aui
542 2038 678 2072 solvere
709 2038 961 2081 neglexerimus
992 2038 1046 2071 vet
1077 2041 1361 2071 recusauerimus.
1393 2037 1480 2082 quod
1513 2036 1608 2073 absit,
1641 2042 1716 2071 tunc
1748 2040 1817 2083 ipsc
1849 2037 2004 2070 Andreas

132 2104 188 2134 aut
216 2102 267 2134 sui
296 2103 535 2146 procuratores
564 2102 638 2133 sive
667 2101 887 2132 commissarii
920 2103 1075 2144 poterunt
1107 2104 1136 2130 et
1169 2098 1335 2131 debebunt
1367 2109 1427 2131 nos
1457 2103 1489 2130 et
1525 2102 1657 2131 nostros
1688 2097 1820 2131 ubilibet
1855 2098 2003 2131 locorum

131 2160 172 2195 ad
202 2159 391 2195 huiusmodi
420 2159 626 2194 solucionem
657 2159 832 2193 duodecim
865 2171 1066 2193 marcarum.
1103 2165 1134 2192 ut
1166 2159 1345 2204 prefertur.
1385 2159 1591 2205 compellere
1623 2159 1853 2192 ecclesiastico
1879 2159 2006 2203 judicio

132 2221 188 2256 vel
216 2221 373 2256 seculari.
404 2220 439 2255 ln
469 2232 608 2266 quorum
639 2224 785 2254 oninium
816 2225 844 2252 et
877 2221 1085 2258 somniorum
1118 2224 1340 2254 testimouium
1373 2223 1676 2266 suprascriptorum
1709 2231 1770 2253 una
1801 2231 1874 2253 euni
1896 2221 2005 2260 sigillo

138 2281 318 2316 reverendi
349 2285 380 2316 in
403 2280 537 2315 Christo
567 2285 668 2327 patris
698 2287 727 2313 et
759 2281 882 2314 domini
914 2284 1016 2314 nostri
1048 2284 1195 2319 :graciosi
1227 2281 1350 2314 domini
1385 2280 1573 2314 Lai-zlmnis
1604 2284 1752 2326 episcopi
1775 2281 2008 2314 Olonna-ensis

134 2346 166 2376 et
197 2341 440 2377 honorabilium
473 2345 621 2375 virorum
651 2342 860 2375 dominorum
893 2347 1084 2376 nostrorum
1109 2370 1144 2376 ..
1175 2342 1292 2375 decani
1317 2369 1322 2374 .
1348 2370 1352 2374 .
1385 2341 1616 2375 archidiaconi
1647 2347 1676 2374 et
1708 2342 1840 2387 capituli
1863 2342 2007 2376 ecclesie

135 2401 370 2437 olomucensis
399 2402 543 2446 sigillum
572 2405 715 2436 civitatis
746 2407 859 2435 nostre
889 2402 930 2434 de
960 2407 1050 2435 certa
1083 2407 1194 2435 nostra
1227 2407 1371 2436 sciencia
1403 2408 1432 2435 et
1468 2404 1639 2436 minuunt«-
1669 2406 1774 2436 eciam
1798 2403 2008 2449 presentibus

135 2466 185 2497 est
214 2473 410 2510 appensum.

449 2534 543 2570 (orig.
572 2533 653 2565 1⁵:113,
679 2535 746 2558 mia-i
773 2544 808 2558 un
838 2534 920 2562 l'1·r.·.
947 2534 1068 2558 >indicii
1097 2535 1121 2560 li,
1149 2535 1217 2563 Siga,
1245 2536 1295 2558 uli-
1322 2535 1378 2561 sig*
1406 2535 1454 2557 it..
1487 2534 1635 2559 ituria-iv„
1661 2535 1840 2565 uben—rinecii,
1867 2534 1901 2559 liti
1928 2536 1996 2559 ιἰιιμι

345 2586 421 2611 εηΙι,
450 2585 572 2610 Archiv·-
598 2585 623 2610 iu
651 2585 803 2612 literni-ier,
