2347 3153
1002 239 1048 272 59

86 346 267 380 ecclesiam
298 356 414 379 eorum
446 348 580 379 nomine
611 345 828 379 detinentem.
859 355 897 377 ac
927 355 1162 389 quemcumpie
1192 344 1290 377 alium
1323 343 1437 377 l'orsan
1469 355 1528 389 per
1559 354 1617 377 eos
1649 346 1678 376 in
1717 346 1785 389 ipsa
1816 343 1959 376 ecelesia

82 410 188 442 sancti
218 406 336 441 Jacobi
367 410 528 441 intrusum
559 418 617 440 sen
649 409 680 440 in
709 399 881 452 posterum
914 405 1159 439 intrudendum.
1200 416 1340 450 quorum
1371 416 1429 438 sen
1461 407 1554 437 cuius
1585 415 1707 438 nomen
1737 415 1795 437 seu
1827 407 1959 438 nomina

82 468 271 502 huiusmodi
302 467 476 502 babuimus
507 473 536 500 et
568 467 694 501 babere
725 467 892 500 voluimus
931 478 992 512 pro
1031 470 1217 512 expressis.
1257 469 1481 499 communiter
1518 471 1549 499 et
1588 466 1720 499 divisim
1760 468 1959 498 auctoritate

31 531 34 535 ’
81 529 279 576 apostolica,
309 540 372 575 qua
404 528 629 567 finiet-bamur
659 532 690 562 in
719 527 782 562 hac
812 533 917 573 parte.
950 531 1057 574 primo
1087 527 1237 561 secundo
1268 530 1373 561 tercio
1404 531 1433 560 et
1465 530 1692 573 peremptorie
1722 530 1961 572 requisivimus

83 596 115 625 et
145 594 335 625 monuimus
363 595 393 624 et
426 593 553 624 moneri
586 590 725 624 fecimus
756 592 902 635 ipsisque
943 589 1156 623 nibilominus
1196 594 1226 623 et
1263 588 1395 623 cuilibet
1435 592 1582 635 ipsorum
1622 591 1651 622 in
1689 592 1812 622 virtute
1849 592 1966 621 sancte

84 651 283 687 obediencie
312 656 342 685 et
373 651 434 685 sub
464 653 832 685 excommunicacionis
862 662 901 684 ac
931 653 1135 696 privacionis
1164 650 1405 685 beneficiorum
1450 649 1661 684 obtentorum
1700 654 1731 683 et
1771 648 1965 682 inhabilita-

83 716 190 748 cionis
219 712 260 747 ad
291 712 343 747 illa
373 717 405 746 et
434 724 633 757 quecunque
663 712 725 746 alia
755 710 918 746 beneficia
949 712 1180 746 ecclesiastica
1210 715 1242 746 in
1272 717 1444 758 posterum
1475 711 1667 745 obtinenda.
1699 722 1737 744 ac
1768 713 1874 744 eciam
1904 722 1963 744 sex

84 775 219 809 millium
249 774 455 808 florenorum
487 778 557 808 auri
588 785 648 819 pro
679 772 857 807 medietate
887 784 1023 807 camere
1053 774 1240 820 apostolice
1261 778 1291 806 et
1316 785 1375 819 pro
1396 773 1458 806 alia
1477 773 1656 806 medietate
1678 772 1774 805 dictis
1796 771 1965 805 abbatisse

82 841 116 871 et
144 839 325 871 conventui
356 836 631 882 applicandorum
665 838 769 880 penis,
800 846 882 879 quas
912 837 1018 868 eciam
1050 834 1182 868 divisim
1214 839 1338 868 extunc
1369 839 1463 880 prout
1495 845 1629 867 exnunc
1659 838 1691 867 et
1712 844 1846 867 exnunc
1869 837 1962 878 prout

82 903 208 932 extunc
239 900 414 931 incurrere
444 897 610 930 voluimus
640 901 670 930 et
701 896 929 930 (lecrevimus.
954 898 1015 929 nisi
1038 896 1200 930 mandatis
1222 899 1345 930 nostris
1367 899 1433 929 imo
1454 899 1570 929 verius
1591 895 1784 941 apostolicis
1806 898 1963 940 parerent

83 970 157 993 cum
188 959 321 997 ell'cctu,
351 958 500 992 districte
532 957 750 1004 precipiendo
789 957 1033 1000 mandavnnus,
1071 962 1235 1003 quatenus
1272 957 1356 990 intra
1394 957 1583 1002 quindecim
1621 957 1749 990 dierum
1786 959 1963 989 terminum

83 1031 181 1066 quem
213 1023 292 1066 ipsis
322 1023 353 1053 et
384 1018 517 1053 cuilibet
549 1030 664 1052 eorum
695 1030 756 1064 pro
787 1021 928 1053 termino
960 1022 1187 1065 peremptorio
1225 1023 1255 1051 et
1286 1018 1440 1052 omnibus
1475 1018 1695 1052 ‹lilacionibus
1732 1022 1760 1051 et
1802 1020 1963 1051 canonica

84 1084 274 1115 monii-ione
304 1080 500 1127 preliximus
530 1085 559 1113 et
600 1083 859 1124 assignavimus.
897 1079 937 1113 ab
974 1083 1204 1126 occiqiacione
1240 1084 1271 1113 et
1311 1080 1511 1113 detencione
1551 1079 1638 1113 dicte
1675 1079 1820 1112 ecclesie
1858 1082 1963 1112 sancti

81 1141 199 1177 Jacobi
228 1153 268 1176 ac
298 1145 534 1176 universorum
567 1142 732 1175 l'ructuum
765 1141 950 1175 reddituum
982 1146 1206 1187 proventuum
1233 1143 1357 1186 jurium
1385 1146 1413 1174 et
1437 1140 1686 1175 obvenciomnn
1710 1143 1811 1186 ipsius
1833 1143 1963 1186 penitus

81 1204 285 1238 desisterent.
314 1208 345 1238 et
375 1203 552 1237 desistere!
583 1202 789 1248 easdemque
819 1201 1020 1237 abbatissam
1051 1208 1080 1236 et
1113 1207 1316 1237 conventum
1349 1203 1402 1236 vel
1433 1207 1688 1248 procuratorem
1721 1213 1780 1235 seu
1801 1202 1964 1235 sindicum

81 1269 138 1299 aut
166 1269 293 1299 certum
324 1276 439 1298 earum
471 1268 628 1298 nuncium
660 1275 719 1309 pro
750 1267 798 1297 eis
829 1264 867 1298 ad
898 1265 1109 1310 corporalem
1141 1264 1266 1298 realem
1297 1268 1325 1297 et
1359 1264 1523 1297 actualem
1546 1267 1795 1310 possessionem
1818 1263 1963 1296 ecclesie

77 1328 271 1372 Juriumque
301 1330 333 1359 et
362 1329 645 1372 pertinent-iarum
678 1326 903 1371 predictorum
934 1325 1061 1371 absque
1102 1324 1295 1360 difficultate
1334 1325 1610 1359 c‹mtradiccione
1647 1328 1866 1371 ‹qiposicioue
1905 1336 1963 1358 seu

83 1387 330 1434 impedimentis
352 1386 456 1421 libere
477 1386 691 1420 admitterent
716 1390 872 1432 ipsasque
893 1390 1123 1432 permitterent
1146 1387 1294 1420 eiusdem
1318 1387 1465 1420 ecclesie
1486 1387 1582 1432 plena
1605 1390 1634 1419 et
1657 1385 1795 1432 pacilica
1817 1396 1963 1432 posses-

83 1452 179 1484 sione
199 1448 363 1495 gaudere.
385 1448 576 1483 Monuimus
598 1452 735 1494 insuper
755 1451 955 1482 auctoritate
977 1448 1126 1495 predicta
1149 1448 1247 1482 modo
1268 1454 1298 1483 et
1319 1450 1424 1483 l'orma
1442 1451 1615 1494 premissis
1632 1459 1750 1481 omnes
1766 1452 1797 1481 et
1814 1447 1965 1491 singulos

82 1510 295 1557 supradictos
323 1521 455 1544 necnon
477 1513 655 1544 universos
677 1514 707 1543 et
729 1510 880 1551 singulos
901 1510 1042 1544 colonos
1063 1514 1260 1545 censuarios
1281 1510 1505 1544 redditum-ios
1526 1509 1751 1555 agricultores
1772 1509 1965 1542 detentores

85 1576 283 1619 receptores
312 1576 343 1606 et
374 1565 740 1606 levatores‘ierrarum
769 1574 1021 1617 posscssionum
1059 1576 1090 1605 et
1130 1571 1292 1606 bonorum
1323 1583 1362 1605 ac
1394 1572 1558 1605 fructuum
1590 1571 1776 1605 reddituum
1808 1581 1963 1617 proven-

83 1637 171 1667 tuum
202 1638 236 1667 et
264 1632 514 1667 obvencionum
545 1644 584 1667 ac
614 1633 838 1679 parochianos
875 1636 1046 1678 utriusque
1075 1645 1178 1667 sexus
1208 1633 1361 1667 homines
1393 1633 1522 1679 prel'ate
1553 1633 1710 1671 ecclesie,
1741 1637 1774 1666 ut
1803 1633 1962 1666 decetero

81 1694 208 1729 eisdem
240 1723 246 1728 .
280 1722 286 1728 .
317 1693 486 1728 abbatisse
516 1699 545 1728 ct
586 1698 766 1728 conventui
807 1694 861 1727 vel
900 1705 1015 1727 eorum
1053 1698 1263 1740 procuratori
1294 1707 1353 1729 seu
1384 1695 1513 1729 sindico
1543 1699 1596 1728 aut
1627 1699 1720 1728 certo
1751 1697 1872 1728 nuncio
1904 1705 1964 1739 pro

82 1759 131 1791 eis
160 1760 192 1790 et
221 1756 299 1790 nulli
329 1756 423 1790 alteri
446 1756 486 1790 de
508 1755 671 1790 fructibus
693 1755 887 1789 redditnbus
912 1755 1044 1799 juribus
1066 1760 1095 1789 et
1118 1756 1385 1790 obvencicmibus
1406 1759 1574 1790 universis
1605 1755 1766 1789 bonorum
1799 1760 1963 1789 terrarum

83 1820 404 1864 possessionumque
427 1817 555 1864 prefate
585 1817 733 1851 ecclesie
764 1817 1008 1862 responderent
1044 1830 1082 1850 ac
1115 1818 1244 1863 plenam
1276 1823 1307 1851 et
1337 1817 1481 1851 debitam
1513 1818 1784 1851 satisfaccionem
1815 1821 1845 1850 ct
1877 1816 1963 1849 soln-

82 1882 214 1913 cionem
245 1879 465 1925 inpenderent
505 1883 535 1913 et
575 1878 788 1913 exhiberent.
821 1878 1026 1924 impenderet
1063 1883 1093 1912 et
1124 1878 1300 1912 exhiberet
1331 1884 1386 1912 aut
1416 1890 1518 1925 snper
1547 1882 1596 1912 eis
1625 1877 1846 1912 amicabiliter
1875 1888 1963 1910 con-

81 1940 263 1975 cordarent
301 1945 331 1974 et
371 1940 593 1975 concordaret
633 1952 707 1974 cum
748 1940 887 1974 eisdem.
946 1939 1135 1974 Monuimus
1174 1943 1280 1974 eciam
1320 1941 1405 1974 (licta
1436 1943 1635 1973 auctoritate
1666 1939 1765 1973 modo
1796 1943 1827 1972 et
1857 1938 1963 1972 l'orma

82 2005 255 2049 premissis
284 2013 403 2036 omnes
432 2006 461 2035 et
493 2002 644 2047 singulos
674 2002 885 2048 supradictos
916 2007 944 2034 et
976 2002 1182 2045 generaliter
1212 2013 1329 2035 omnes
1364 2002 1447 2035 alios
1477 2006 1506 2034 et
1538 2001 1701 2038 sinu-ulos.
1733 2004 1963 2044 cuiuscimqne

80 2063 250 2109 dignitatis
287 2064 414 2108 gradus
452 2064 579 2097 ordinis
618 2064 671 2097 vel
711 2065 918 2098 condicionis
957 2066 1155 2097 existerent.
1195 2064 1383 2097 districi-ius
1423 2062 1622 2107 inhibentes,
1664 2074 1704 2095 ne
1746 2062 1884 2107 prel'atis
1917 2089 1922 2094 .
1957 2089 1961 2093 .

80 2123 250 2159 abbatisse
279 2129 310 2159 et
341 2128 522 2159 conventui
554 2126 607 2159 vel
639 2137 753 2159 earum
786 2128 995 2172 procuratori
1027 2136 1084 2158 seu
1125 2124 1264 2159 sindico.
1304 2127 1480 2169 quominus
1512 2127 1614 2169 ipsam
1647 2124 1825 2157 ecclesiam
1857 2125 1962 2155 sancti

80 2185 198 2220 Jacobi
229 2197 303 2220 cum
334 2185 488 2220 omnibns
513 2186 645 2231 juribus
682 2191 710 2219 et
753 2190 969 2233 pertinenciis
1001 2189 1068 2218 suis
1107 2188 1237 2227 integre
1268 2190 1297 2218 et
1330 2185 1468 2231 pacilice
1498 2189 1762 2230 asseipierentur
1791 2196 1829 2216 ac
1861 2186 1963 2229 ipsius

81 2250 299 2294 possessione
336 2248 522 2291 gauderent
561 2259 634 2281 cum
670 2249 789 2281 ell'ectu
829 2260 867 2281 ac
905 2249 1031 2281 l'ructus
1069 2246 1217 2280 redditus
1256 2251 1284 2279 et
1328 2250 1513 2292 proventus
1547 2247 1622 2289 jura
1663 2250 1692 2277 et
1733 2244 1964 2278 obveneiones

82 2308 188 2343 libere
217 2313 248 2342 et
278 2320 353 2343 cuni
384 2312 576 2350 integritate
599 2312 775 2355 percipere
806 2309 921 2343 tesam·
952 2313 982 2342 et
1006 2308 1131 2342 babere
1154 2308 1318 2345 valerent,
1350 2319 1408 2341 seu
1439 2310 1616 2352 quominus
1638 2309 1747 2340 onmia
1778 2311 1806 2339 et
1831 2305 1960 2346 singula

83 2370 275 2417 supradicta
316 2381 409 2404 suuni
459 2370 604 2404 ‹li-bitum
653 2375 944 2415 consequerentin·
992 2371 1159 2403 elli-ctum.
1210 2369 1481 2415 impedimentum
1530 2368 1662 2413 aliquod
1710 2372 1895 2413 prestarent
1935 2372 1963 2399 et

83 2436 247 2478 prestaret
288 2443 348 2477 per
384 2444 421 2465 se
460 2432 512 2465 vel
550 2432 648 2465 alium
689 2445 746 2466 sen
787 2432 869 2466 alios
906 2435 1026 2476 quovis
1064 2434 1194 2476 qni-sito
1233 2431 1348 2464 colore
1386 2431 1512 2464 directe
1553 2430 1604 2463 vel
1637 2430 1799 2463 indirecte
1836 2428 1966 2474 publice

80 2492 133 2526 vel
163 2493 295 2527 occulte
333 2497 386 2526 aut
428 2493 639 2538 impediendo
669 2493 723 2527 vel
755 2493 982 2539 perturbando
1013 2495 1101 2538 ipsas
1134 2519 1139 2524 .
1173 2519 1178 2524 .
1211 2491 1412 2525 abbatissam
1452 2497 1481 2524 et
1523 2496 1725 2525 conventum
1765 2495 1816 2523 aut
1849 2501 1962 2523 earum

78 2559 334 2601 procuratorem
366 2566 424 2587 scu
463 2554 624 2588 sindicum
664 2559 718 2588 aut
760 2559 886 2588 eertum
927 2557 1082 2588 nuni-inm
1130 2554 1244 2586 darent
1285 2565 1342 2586 sen
1380 2554 1470 2586 daret
1513 2553 1672 2586 auxilinm
1704 2552 1877 2585 consilium
1911 2551 1964 2583 vel

74 2615 240 2650 savorem.
273 2615 330 2649 sed
363 2617 393 2648 in
424 2614 578 2649 omnibus
617 2620 646 2648 et
689 2628 748 2661 per
787 2619 900 2649 onmia
945 2614 1110 2648 mandatis
1151 2621 1181 2647 et
1212 2614 1456 2648 monicionibns
1486 2614 1680 2659 apostolicis
1709 2618 1808 2658 atque
1840 2615 1962 2645 nostris

80 2682 236 2724 parerent
268 2682 298 2710 et
330 2677 553 2711 intenderent.
586 2682 719 2723 pareret
750 2682 778 2708 et
822 2676 1007 2711 intenderet
1042 2676 1259 2714 integraliter.
1318 2676 1442 2717 Quodsi
1480 2676 1566 2708 l'orte
1598 2678 1759 2720 premissa
1791 2676 1900 2706 omnia
1931 2677 1960 2703 et

83 2738 226 2783 singula.
259 2743 353 2784 prout
385 2750 445 2784 per
475 2750 535 2772 nos
566 2741 644 2784 ipsis
675 2750 773 2784 supra
806 2738 1035 2771 mandaluitnr.
1069 2748 1132 2770 non
1163 2737 1384 2782 adimplerent
1414 2737 1465 2769 vel
1489 2748 1552 2770 non
1584 2736 1778 2781 adimpleret
1811 2740 1862 2767 ant
1898 2734 1963 2766 ali·—
