2347 3153
1015 205 1057 238 (31

98 311 270 356 premissis
299 320 360 355 per
388 308 519 355 publica
550 312 768 343 iustrumenta
799 320 913 342 coram
945 309 1052 353 nobis.
1084 314 1114 343 ut
1146 313 1357 356 premittitur.
1388 310 1548 356 producta
1572 311 1666 345 nobis
1689 312 1869 356 legitimam
1902 313 1981 347 l'ecit

96 369 205 404 fidem.
263 369 328 416 Ipsi
366 375 476 404 tamen
508 398 514 403 .
547 398 553 404 .
587 373 775 416 prepositus
813 374 843 403 et
882 370 1061 416 capitulum
1105 383 1144 405 ac
1182 371 1357 405 conradus
1401 371 1589 406 Smerbeck
1638 377 1822 418 occupator
1861 378 1891 407 et
1929 375 1980 408 alii

95 434 316 478 prenominati
347 434 468 477 spretis
499 431 602 465 literis
637 431 829 478 apostolicis
859 432 1105 466 monicionibus
1136 432 1299 466 mandatis
1329 435 1511 467 sentenciis
1541 438 1574 467 et
1602 437 1813 468 exeeuetone
1845 447 1981 469 memo-

96 495 176 527 ratis
206 491 247 526 ab
277 495 418 539 inceptis
449 496 677 539 occupacione
708 497 737 526 et
776 495 977 539 inpeneione
1008 493 1185 530 desistere.
1212 505 1274 528 nec
1303 497 1554 540 possessionem
1586 494 1673 528 dicte
1703 495 1848 529 ecclesie
1878 499 1982 530 sancti

95 553 214 588 Jacobi
254 557 333 600 ipsis
364 582 370 588 .
404 582 410 588 .
443 553 610 588 abbatisse
650 559 679 588 et
718 558 898 588 conventui
937 554 1074 588 liberam
1116 566 1257 588 vacuam
1292 559 1323 588 et
1362 555 1553 601 expeditam
1592 567 1665 589 cum
1696 559 1764 589 suis
1789 556 1922 600 juribus
1951 561 1981 590 et

97 617 315 662 pertinenciis
357 615 523 649 dimittere
560 620 763 649 curaverunt
815 627 924 661 neque
967 620 1097 650 curant.
1143 621 1281 662 propter
1318 616 1404 661 quod
1445 616 1578 650 dubium
1617 628 1682 650 non
1726 620 1901 654 existeret.
1935 646 1940 651 .
1974 647 1979 652 .

98 679 303 723 prepositum
334 681 364 710 et
396 677 587 721 singulares
625 688 789 723 personas
825 677 958 723 capituli
988 689 1027 711 ac
1057 676 1249 711 Conradum
1281 676 1471 711 Smerbeck
1501 682 1739 723 occupatorem
1771 679 1982 724 supradictos

97 742 130 772 et
157 748 276 772 omnes
305 737 388 771 alios
416 742 447 771 et
469 738 620 783 singulos
650 737 881 772 inobedientes
899 738 1168 773 contradictores
1189 743 1221 772 et
1242 738 1387 772 rebelles
1417 742 1608 773 sentencias
1638 744 1667 773 et
1691 751 1794 785 penas
1825 743 1856 774 in
1887 740 1982 775 dictis

95 801 219 833 nostris
247 798 464 845 processibus
494 799 576 833 latas
606 803 635 832 et
667 803 842 833 contentas
872 802 1067 843 incurrisse,
1099 800 1273 845 dictasque
1312 803 1417 833 sancti
1450 799 1535 833 l‘etri
1566 801 1779 845 collegiatam
1815 806 1846 834 et
1876 805 1981 835 sancti

94 859 212 894 Jacob}
242 860 471 907 parochialem
501 861 664 895 ecclesias
685 861 917 894 ecclesiastico
939 860 1012 894 l'ore
1032 865 1222 908 snppositas
1244 861 1433 896 interdicto.
1466 861 1505 896 Et
1536 862 1750 896 nibilominus
1781 865 1811 896 iu
1835 850 1981 909 ipsorum

95 925 341 957 contumaciam
371 932 430 955 eos
460 922 565 955 dictas
599 925 817 956 execucionis
847 925 1053 968 privacionis
1087 922 1369 957 inliabilitacionis
1399 928 1428 957 et
1451 927 1668 970 pecuniarum
1691 934 1796 969 penas
1827 927 1856 957 in
1887 924 1983 958 dictis

96 986 220 1018 nostris
250 981 466 1029 processibus
495 982 762 1029 compi-elwnsas
800 983 958 1017 incidisse
997 984 1174 1019 declarari.
1216 996 1343 1030 eosque
1381 996 1419 1019 ac
1457 996 1531 1019 eum
1570 990 1600 1018 ut
1640 985 1722 1019 tales
1759 986 1980 1019 ciuitatem

97 1043 350 1079 denunciandos
378 1044 451 1078 l'ore
481 1049 511 1078 et
543 1044 739 1078 denunciari
769 1043 919 1078 mandari
956 1056 1016 1090 per
1052 1056 1113 1079 nos
1147 1058 1186 1079 ac
1221 1046 1406 1092 predictum
1443 1051 1593 1080 nostrum
1630 1057 1827 1092 processum
1865 1051 1980 1080 contra

95 1117 157 1140 eos
185 1106 338 1151 aliosque
366 1116 484 1139 omnes
527 1110 557 1138 et
601 1106 752 1151 singulos
795 1109 950 1152 superius
988 1110 1178 1140 nominatos
1218 1110 1435 1153 ipsorumque
1473 1111 1502 1141 iu
1543 1107 1604 1141 bac
1646 1112 1738 1153 parte
1775 1107 1981 1141 adherentes

96 1167 246 1202 fautores
275 1166 419 1201 rebelles
457 1171 489 1200 et
527 1168 794 1201 contradictores
833 1178 1039 1213 aggravare.
1080 1167 1210 1214 sibique
1240 1169 1354 1203 literas
1393 1172 1654 1214 agg-ravatorias
1686 1172 1716 1202 iu
1747 1168 1853 1202 forma
1885 1169 1980 1202 solita

95 1240 170 1264 cum
200 1231 422 1263 invocacione
452 1228 565 1262 auxilii
596 1227 724 1262 brai-liii
763 1228 926 1263 secularis
965 1229 1152 1263 decernere
1183 1234 1213 1263 et
1244 1231 1435 1264 concedere
1466 1242 1675 1265 curaremus.
1712 1242 1786 1264 cum
1818 1233 1979 1264 instancia

95 1290 289 1337 postulavit.
320 1289 390 1324 Nos
421 1294 497 1323 tune
529 1289 635 1323 dictos
665 1293 870 1336 prepositum
901 1295 931 1323 et
962 1291 1154 1335 singulares
1183 1302 1348 1337 personas
1379 1292 1557 1338 capitulum
1589 1292 1675 1325 dicte
1697 1292 1842 1325 ecclesie
1873 1294 1980 1325 sancti

98 1351 186 1386 Petri
215 1355 492 1398 representantes
521 1363 560 1385 ac
591 1350 782 1385 Conradum
805 1351 1005 1389 Smerbeck.
1037 1352 1199 1398 prefatam
1223 1353 1401 1387 ecclesiam
1424 1356 1529 1387 sancti
1550 1352 1667 1386 Jacobi
1699 1363 1814 1386 corum
1846 1355 1981 1386 nomine

95 1417 317 1459 occupantem
347 1423 413 1447 non
435 1417 699 1458 comparentem.
732 1424 841 1458 neque
872 1412 1059 1447 huiusmodi
1090 1417 1232 1448 termino
1265 1418 1294 1448 in
1325 1415 1435 1460 aliquo
1457 1414 1655 1448 satisfacere
1685 1418 1874 1452 curantem„
1907 1415 1981 1448 licet

94 1473 303 1509 sufficienter
331 1479 362 1508 et
394 1485 498 1519 usque
529 1474 568 1507 ad
591 1473 707 1507 boram
735 1473 878 1507 debitam
901 1480 1111 1521 expectatos.
1144 1479 1374 1522 reputavimus
1395 1476 1502 1521 quoad
1527 1479 1704 1522 premissa.
1736 1480 1833 1520 prout
1872 1480 1979 1511 erant.

94 1536 258 1570 suadente
282 1537 416 1580 justicia
448 1539 666 1570 contumaces
696 1540 726 1569 et
758 1539 786 1569 in
811 1539 957 1582 ipsorum
985 1540 1230 1571 contumaciam
1255 1538 1583 1583 dejurisperitorum
1606 1537 1747 1570 consilio
1777 1541 1806 1569 et
1839 1548 1978 1571 assensu

95 1596 204 1631 dictos
247 1600 453 1644 prepositum
497 1602 527 1630 et
572 1597 762 1642 singulares
807 1600 989 1632 canonicos
1033 1599 1211 1644 capitulum
1251 1602 1356 1644 ipsum
1396 1602 1671 1644 representantes
1710 1609 1749 1631 ac
1786 1597 1978 1632 Conraduin

93 1657 282 1693 Smerbeck
312 1658 525 1704 supradictos
556 1661 741 1704 inscriptis
772 1662 1069 1704 proimnctax-nnus
1090 1664 1120 1692 et
1143 1659 1391 1693 declaravimus
1421 1664 1451 1693 et
1475 1658 1686 1705 presentibus
1717 1662 1980 1705 pronunciamus

93 1724 127 1754 et
155 1719 378 1763 declaramus,
409 1720 530 1754 dictam
562 1723 931 1754 excommunicacionis
961 1724 1166 1754 sentenciam
1200 1721 1357 1754 incidisse
1387 1733 1425 1754 ac
1456 1723 1561 1754 sancti
1584 1720 1671 1753 l‘etri
1703 1720 1916 1760 collegiatam
1948 1725 1976 1753 et

94 1785 200 1816 sancti
230 1780 347 1815 Jacob}
379 1782 606 1828 parochialem
638 1782 806 1827 predictas
828 1782 991 1815 ecclesias
1014 1782 1208 1816 interdictas
1240 1787 1270 1815 et
1303 1787 1331 1816 ut
1364 1782 1447 1816 tales
1469 1781 1600 1828 publice
1631 1781 1884 1815 denunciandas
1907 1781 1979 1815 l'ore

93 1847 127 1877 et
167 1843 444 1877 denunciavimus
483 1855 521 1877 ac
561 1842 804 1889 publicavimus
843 1843 1105 1888 denunciariqiie
1148 1848 1177 1876 et
1224 1843 1384 1889 publicari
1425 1842 1658 1877 mamlavimus
1695 1847 1724 1875 et
1767 1842 1979 1888 presentibus

96 1903 306 1939 mandamus.
337 1915 399 1938 nec
431 1916 495 1938 non
527 1904 712 1950 predictum
743 1915 939 1950 processum
972 1909 1001 1937 et
1032 1907 1225 1938 sentencias
1264 1916 1323 1950 per
1353 1915 1414 1938 nos
1444 1909 1560 1938 contra
1593 1904 1742 1950 prel'atos
1773 1907 1978 1950 prepositum

94 1971 127 2000 et
155 1965 334 2012 capitulum
365 1976 403 1999 ac
434 1965 624 2000 Conradum
656 1965 844 1999 Smerbeek
884 1965 1142 2010 stimularesque
1185 1977 1349 2011 personas
1379 1966 1455 1999 dicti
1487 1966 1620 2011 capituli
1653 1969 1758 2011 ipsum
1791 1976 1979 2010 represen-

94 2032 202 2062 tannes
232 2031 262 2060 et
293 2038 511 2072 quoscunque
548 2026 630 2060 alios
671 2030 699 2060 iu
740 2026 801 2060 bac
843 2031 935 2072 parte
975 2027 1243 2061 contradictores
1282 2031 1313 2060 et
1344 2026 1489 2060 rebelles
1520 2027 1617 2060 latum
1649 2031 1678 2059 et
1712 2026 1793 2059 latas
1825 2026 1978 2071 promul-

92 2092 206 2134 gatum
237 2093 269 2122 et
301 2088 530 2134 promulgatas
571 2091 660 2121 iuxta
703 2091 767 2121 rim
810 2088 949 2121 l‘orinani
991 2092 1018 2120 et
1061 2092 1211 2121 tenorem
1244 2088 1427 2121 litterarum
1459 2088 1719 2133 apostolicarum
1753 2087 1977 2133 predictarum

93 2149 189 2184 nobis
219 2153 250 2183 ut
282 2152 482 2195 premittitur
513 2149 715 2183 directurum
747 2150 902 2182 duximus
942 2149 1198 2187 :murat-audiun
1234 2154 1264 2182 et
1297 2152 1508 2195 presencium
1540 2154 1657 2182 tenore
1688 2159 1918 2188 aggravamus
1949 2151 1978 2181 in

93 2211 156 2245 biis
184 2213 331 2257 scriptis.
363 2211 520 2244 auxilium
553 2210 678 2244 bracliii
710 2211 872 2244 secularis
896 2214 1113 2247 inmeantes:
1145 2215 1341 2256 potestatem
1365 2211 1556 2244 declarandi
1588 2221 1690 2255 super
1720 2209 1791 2242 aliis
1823 2212 1916 2254 penis
1949 2212 1977 2242 in

93 2272 190 2306 dictis
218 2275 342 2306 nostris
373 2272 586 2318 processibus
617 2275 790 2318 expressis
831 2271 924 2305 nobis
962 2282 1126 2317 expresse
1157 2275 1410 2305 reservm'inius
1449 2283 1508 2304 nee
1540 2282 1603 2304 non
1635 2282 1675 2303 ex
1709 2281 1810 2316 super
1840 2269 1976 2303 habun-

95 2334 185 2368 danti
215 2335 352 2367 eosdem
385 2337 589 2380 prepositum
621 2338 650 2366 et
682 2334 871 2372 singulares
904 2345 1066 2378 personas
1096 2333 1172 2365 «tien
1203 2333 1336 2378 capituli
1370 2336 1474 2378 ipsum
1507 2336 1780 2378 representantes
1811 2342 1848 2363 ae
1882 2330 1978 2364 Cou-

95 2394 211 2429 radum
233 2394 421 2429 Smerbeck
443 2395 653 2440 supradictos
677 2398 705 2428 in
724 2406 901 2440 personam
923 2394 1049 2427 ,Nn-olai
1070 2394 1202 2428 Swarat
1222 2395 1262 2428 de
1286 2394 1516 2428 Wratislavia.
1548 2394 1660 2426 cleriei
1686 2392 1978 2425 Wratislaviensis

91 2467 208 2490 eorum
239 2460 467 2502 procuratoris
498 2469 536 2488 ac
568 2459 672 2502 ipsum
706 2467 765 2501 pro
795 2459 843 2488 eis
874 2459 901 2486 et
935 2466 1050 2487 eornm
1075 2458 1208 2489 nomine
1230 2455 1349 2489 ibidem
1373 2460 1496 2488 extunc
1520 2458 1709 2499 presentem
1733 2458 1764 2486 et
1785 2453 1974 2486 audientem

88 2517 129 2551 ad
161 2517 340 2551 videndum
372 2522 402 2549 et
433 2517 634 2550 audiendum
666 2529 701 2550 se
741 2517 917 2549 ili-elurari.
957 2516 1061 2548 dietas
1092 2519 1295 2561 privat-ionis
1325 2522 1354 2549 et
1388 2516 1667 2549 inliabilitaeionis
1698 2520 1726 2547 et
1761 2519 1976 2560 peeiuiiaruni

89 2588 194 2624 penas
225 2581 254 2611 in
286 2578 381 2611 dietis
412 2582 534 2611 uostris·
573 2577 787 2623 processibus
829 2589 886 2623 per
917 2589 977 2610 nos
1014 2582 1128 2610 eontra
1162 2589 1221 2610 eos
1252 2578 1396 2611 decretis
1427 2582 1602 2610 eontentas
1634 2576 1802 2610 incidisse.
1836 2587 1974 2621 quarum

91 2638 361 2672 declarat-ionem
394 2638 488 2672 nobis
519 2650 736 2672 reservamus
769 2640 820 2671 wl
851 2639 889 2671 :nl
922 2638 1098 2671 dien-iulum
1130 2643 1159 2670 et
1193 2651 1341 2673 eausam.
1373 2652 1398 2672 si
1430 2650 1526 2683 quam
1556 2637 1732 2671 habebant.
1763 2637 1976 2674 allegandum

93 2711 197 2744 quare
228 2699 414 2733 liuiusnioili
438 2700 628 2733 ‹leelaraeio
651 2712 709 2745 per
731 2712 791 2732 nos
814 2699 883 2732 lieri
907 2711 970 2732 non
993 2699 1142 2732 deberet.
1176 2704 1402 2745 peremptorie
1425 2702 1601 2732 citavimus
1624 2698 1662 2731 ad
1685 2703 1812 2732 eertum
1846 2710 1976 2743 perem-
