<?xml version="1.0" encoding="UTF-8"?>
<!DOCTYPE html PUBLIC "-//W3C//DTD XHTML 1.0 Transitional//EN"
    "http://www.w3.org/TR/xhtml1/DTD/xhtml1-transitional.dtd">
<html xmlns="http://www.w3.org/1999/xhtml" xml:lang="en" lang="en">
 <head>
  <title>
</title>
<meta http-equiv="Content-Type" content="text/html;charset=utf-8" />
  <meta name='ocr-system' content='tesseract 3.04.00' />
  <meta name='ocr-capabilities' content='ocr_page ocr_carea ocr_par ocr_line ocrx_word'/>
</head>
<body>
  <div class='ocr_page' id='page_1' title='image "./codexdiplomaticu13morauoft_0055.png"; bbox 0 0 2347 3153; ppageno 0'>
   <div class='ocr_carea' id='block_1_1' title="bbox 131 222 2026 2769">
    <p class='ocr_par' dir='ltr' id='par_1_1' title="bbox 1055 222 1102 255">
     <span class='ocr_line' id='line_1_1' title="bbox 1055 222 1102 255; baseline 0.021 -1"><span class='ocrx_word' id='word_1_1' title='bbox 1055 222 1102 255; x_wconf 68' lang='lat'>43</span> 
     </span>
    </p>

    <p class='ocr_par' dir='ltr' id='par_1_2' title="bbox 132 325 2026 1357">
     <span class='ocr_line' id='line_1_2' title="bbox 135 325 2025 377; baseline -0.003 -13"><span class='ocrx_word' id='word_1_2' title='bbox 135 329 357 377; x_wconf 81' lang='lat' dir='ltr'>parrochialis</span> <span class='ocrx_word' id='word_1_3' title='bbox 382 332 414 363; x_wconf 94' lang='lat' dir='ltr'>in</span> <span class='ocrx_word' id='word_1_4' title='bbox 438 328 633 374; x_wconf 86' lang='lat' dir='ltr'>Ungarieali</span> <span class='ocrx_word' id='word_1_5' title='bbox 660 327 770 361; x_wconf 87' lang='lat' dir='ltr'>Broda</span> <span class='ocrx_word' id='word_1_6' title='bbox 797 326 1034 361; x_wconf 73' lang='lat' dir='ltr'>(Homucensis</span> <span class='ocrx_word' id='word_1_7' title='bbox 1060 327 1206 360; x_wconf 82' lang='lat' dir='ltr'>diocesis</span> <span class='ocrx_word' id='word_1_8' title='bbox 1232 325 1364 372; x_wconf 87' lang='lat' dir='ltr'>publice</span> <span class='ocrx_word' id='word_1_9' title='bbox 1386 329 1599 370; x_wconf 73' lang='lat' dir='ltr'>recognovit.</span> <span class='ocrx_word' id='word_1_10' title='bbox 1623 337 1659 359; x_wconf 86' lang='lat' dir='ltr'>se</span> <span class='ocrx_word' id='word_1_11' title='bbox 1681 329 1785 360; x_wconf 84' lang='lat' dir='ltr'>teneri</span> <span class='ocrx_word' id='word_1_12' title='bbox 1808 331 1836 359; x_wconf 88' lang='lat' dir='ltr'>et</span> <span class='ocrx_word' id='word_1_13' title='bbox 1861 326 2025 360; x_wconf 83' lang='lat' dir='ltr'>debitorie</span> 
     </span>
     <span class='ocr_line' id='line_1_3' title="bbox 134 386 2023 437; baseline -0.003 -11"><span class='ocrx_word' id='word_1_14' title='bbox 134 391 277 437; x_wconf 89' lang='lat' dir='ltr'>obligari</span> <span class='ocrx_word' id='word_1_15' title='bbox 308 394 446 425; x_wconf 85' lang='lat' dir='ltr'>racione</span> <span class='ocrx_word' id='word_1_16' title='bbox 476 401 586 424; x_wconf 88' lang='lat' dir='ltr'>annue</span> <span class='ocrx_word' id='word_1_17' title='bbox 617 391 788 436; x_wconf 71' lang='lat' dir='ltr'>pensionis</span> <span class='ocrx_word' id='word_1_18' title='bbox 818 388 859 422; x_wconf 82' lang='lat' dir='ltr'>de</span> <span class='ocrx_word' id='word_1_19' title='bbox 889 388 975 422; x_wconf 91' lang='lat' dir='ltr'>dicta</span> <span class='ocrx_word' id='word_1_20' title='bbox 1006 387 1210 434; x_wconf 78' lang='lat' dir='ltr'>parrochiali</span> <span class='ocrx_word' id='word_1_21' title='bbox 1241 387 1385 421; x_wconf 82' lang='lat' dir='ltr'>ecclesia</span> <span class='ocrx_word' id='word_1_22' title='bbox 1419 390 1449 420; x_wconf 94' lang='lat' dir='ltr'>in</span> <span class='ocrx_word' id='word_1_23' title='bbox 1473 386 1666 431; x_wconf 78' lang='lat' dir='ltr'>Ungaricali</span> <span class='ocrx_word' id='word_1_24' title='bbox 1690 386 1799 420; x_wconf 85' lang='lat' dir='ltr'>Broda</span> <span class='ocrx_word' id='word_1_25' title='bbox 1823 387 1862 421; x_wconf 90' lang='lat' dir='ltr'>de</span> <span class='ocrx_word' id='word_1_26' title='bbox 1885 391 2023 421; x_wconf 76' lang='lat' dir='ltr'>retentis</span> 
     </span>
     <span class='ocr_line' id='line_1_4' title="bbox 134 447 2026 500; baseline -0.003 -12"><span class='ocrx_word' id='word_1_27' title='bbox 134 452 350 500; x_wconf 83' lang='lat' dir='ltr'>pensionibus</span> <span class='ocrx_word' id='word_1_28' title='bbox 375 452 511 486; x_wconf 88' lang='lat' dir='ltr'>domino</span> <span class='ocrx_word' id='word_1_29' title='bbox 536 451 700 485; x_wconf 85' lang='lat' dir='ltr'>Fridrico.</span> <span class='ocrx_word' id='word_1_30' title='bbox 720 452 884 484; x_wconf 88' lang='lat' dir='ltr'>canonico</span> <span class='ocrx_word' id='word_1_31' title='bbox 908 450 1054 483; x_wconf 84' lang='lat' dir='ltr'>ecclesie</span> <span class='ocrx_word' id='word_1_32' title='bbox 1076 461 1102 484; x_wconf 89' lang='lat' dir='ltr'>s.</span> <span class='ocrx_word' id='word_1_33' title='bbox 1125 449 1278 483; x_wconf 85' lang='lat' dir='ltr'>Mauricii</span> <span class='ocrx_word' id='word_1_34' title='bbox 1304 451 1335 482; x_wconf 94' lang='lat' dir='ltr'>in</span> <span class='ocrx_word' id='word_1_35' title='bbox 1358 447 1556 494; x_wconf 61' lang='lat' dir='ltr'>Cbremsyr.</span> <span class='ocrx_word' id='word_1_36' title='bbox 1587 450 1618 481; x_wconf 91' lang='lat' dir='ltr'>in</span> <span class='ocrx_word' id='word_1_37' title='bbox 1649 450 1862 494; x_wconf 87' lang='lat' dir='ltr'>septuaginta</span> <span class='ocrx_word' id='word_1_38' title='bbox 1884 454 2026 493; x_wconf 85' lang='lat' dir='ltr'>quatuor</span> 
     </span>
     <span class='ocr_line' id='line_1_5' title="bbox 135 509 2022 559; baseline -0.003 -10"><span class='ocrx_word' id='word_1_39' title='bbox 135 517 257 549; x_wconf 86' lang='lat' dir='ltr'>marcis</span> <span class='ocrx_word' id='word_1_40' title='bbox 289 513 503 548; x_wconf 86' lang='lat' dir='ltr'>moravicalis</span> <span class='ocrx_word' id='word_1_41' title='bbox 535 513 693 559; x_wconf 89' lang='lat' dir='ltr'>ponderis</span> <span class='ocrx_word' id='word_1_42' title='bbox 722 522 921 553; x_wconf 80' lang='lat' dir='ltr'>grossorum</span> <span class='ocrx_word' id='word_1_43' title='bbox 962 514 1181 556; x_wconf 69' lang='lat' dir='ltr'>pragensium</span> <span class='ocrx_word' id='word_1_44' title='bbox 1218 510 1433 544; x_wconf 85' lang='lat' dir='ltr'>denariorum</span> <span class='ocrx_word' id='word_1_45' title='bbox 1458 520 1564 555; x_wconf 85' lang='lat' dir='ltr'>usque</span> <span class='ocrx_word' id='word_1_46' title='bbox 1601 509 1640 543; x_wconf 92' lang='lat' dir='ltr'>ad</span> <span class='ocrx_word' id='word_1_47' title='bbox 1673 510 1794 543; x_wconf 79' lang='lat' dir='ltr'>l&#39;estnin</span> <span class='ocrx_word' id='word_1_48' title='bbox 1825 522 1851 543; x_wconf 75' lang='lat' dir='ltr'>s.</span> <span class='ocrx_word' id='word_1_49' title='bbox 1884 509 2022 552; x_wconf 82' lang='lat' dir='ltr'>Georgii</span> 
     </span>
     <span class='ocr_line' id='line_1_6' title="bbox 134 571 2020 622; baseline -0.003 -12"><span class='ocrx_word' id='word_1_50' title='bbox 134 578 289 622; x_wconf 82' lang='lat' dir='ltr'>proxime</span> <span class='ocrx_word' id='word_1_51' title='bbox 318 578 480 621; x_wconf 83' lang='lat' dir='ltr'>preterito</span> <span class='ocrx_word' id='word_1_52' title='bbox 511 574 688 608; x_wconf 68' lang='lat' dir='ltr'>exclusive</span> <span class='ocrx_word' id='word_1_53' title='bbox 717 571 810 618; x_wconf 73' lang='lat' dir='ltr'>[sicl.</span> <span class='ocrx_word' id='word_1_54' title='bbox 842 571 923 606; x_wconf 90' lang='lat' dir='ltr'>Item</span> <span class='ocrx_word' id='word_1_55' title='bbox 955 574 1157 616; x_wconf 80' lang='lat' dir='ltr'>recognovit</span> <span class='ocrx_word' id='word_1_56' title='bbox 1189 576 1221 605; x_wconf 81' lang='lat' dir='ltr'>et</span> <span class='ocrx_word' id='word_1_57' title='bbox 1250 574 1467 615; x_wconf 69' lang='lat' dir='ltr'>recognoscit</span> <span class='ocrx_word' id='word_1_58' title='bbox 1499 582 1587 605; x_wconf 89' lang='lat' dir='ltr'>nunc</span> <span class='ocrx_word' id='word_1_59' title='bbox 1617 575 1649 604; x_wconf 88' lang='lat' dir='ltr'>et</span> <span class='ocrx_word' id='word_1_60' title='bbox 1679 574 1825 607; x_wconf 76' lang='lat' dir='ltr'>inantea.</span> <span class='ocrx_word' id='word_1_61' title='bbox 1847 583 1884 605; x_wconf 84' lang='lat' dir='ltr'>se</span> <span class='ocrx_word' id='word_1_62' title='bbox 1915 575 2020 605; x_wconf 84' lang='lat' dir='ltr'>teneri</span> 
     </span>
     <span class='ocr_line' id='line_1_7' title="bbox 135 632 2020 681; baseline -0.004 -10"><span class='ocrx_word' id='word_1_63' title='bbox 135 641 168 671; x_wconf 89' lang='lat' dir='ltr'>et</span> <span class='ocrx_word' id='word_1_64' title='bbox 205 635 371 671; x_wconf 88' lang='lat' dir='ltr'>debitoric</span> <span class='ocrx_word' id='word_1_65' title='bbox 407 635 550 681; x_wconf 87' lang='lat' dir='ltr'>obligari</span> <span class='ocrx_word' id='word_1_66' title='bbox 589 637 726 668; x_wconf 79' lang='lat' dir='ltr'>racione</span> <span class='ocrx_word' id='word_1_67' title='bbox 764 644 874 667; x_wconf 86' lang='lat' dir='ltr'>annue</span> <span class='ocrx_word' id='word_1_68' title='bbox 914 636 1087 679; x_wconf 80' lang='lat' dir='ltr'>pensionis</span> <span class='ocrx_word' id='word_1_69' title='bbox 1125 645 1143 666; x_wconf 91' lang='lat' dir='ltr'>a</span> <span class='ocrx_word' id='word_1_70' title='bbox 1180 635 1336 679; x_wconf 82' lang='lat' dir='ltr'>proximo</span> <span class='ocrx_word' id='word_1_71' title='bbox 1374 632 1460 666; x_wconf 88' lang='lat' dir='ltr'>festo</span> <span class='ocrx_word' id='word_1_72' title='bbox 1498 644 1524 667; x_wconf 86' lang='lat' dir='ltr'>s.</span> <span class='ocrx_word' id='word_1_73' title='bbox 1557 632 1697 677; x_wconf 84' lang='lat' dir='ltr'>Georgii</span> <span class='ocrx_word' id='word_1_74' title='bbox 1738 637 1769 666; x_wconf 93' lang='lat' dir='ltr'>ut</span> <span class='ocrx_word' id='word_1_75' title='bbox 1811 644 1897 667; x_wconf 92' lang='lat' dir='ltr'>nune</span> <span class='ocrx_word' id='word_1_76' title='bbox 1928 633 2020 678; x_wconf 83' lang='lat' dir='ltr'>lapso</span> 
     </span>
     <span class='ocr_line' id='line_1_8' title="bbox 135 694 2024 740; baseline -0.003 -7"><span class='ocrx_word' id='word_1_77' title='bbox 135 698 224 733; x_wconf 88' lang='lat' dir='ltr'>dicto</span> <span class='ocrx_word' id='word_1_78' title='bbox 252 698 388 732; x_wconf 88' lang='lat' dir='ltr'>domino</span> <span class='ocrx_word' id='word_1_79' title='bbox 419 697 573 731; x_wconf 90' lang='lat' dir='ltr'>Fridrico</span> <span class='ocrx_word' id='word_1_80' title='bbox 603 695 744 740; x_wconf 89' lang='lat' dir='ltr'>singulis</span> <span class='ocrx_word' id='word_1_81' title='bbox 773 698 869 729; x_wconf 85' lang='lat' dir='ltr'>annis</span> <span class='ocrx_word' id='word_1_82' title='bbox 890 694 1010 728; x_wconf 85' lang='lat' dir='ltr'>suturis</span> <span class='ocrx_word' id='word_1_83' title='bbox 1040 698 1071 728; x_wconf 94' lang='lat' dir='ltr'>in</span> <span class='ocrx_word' id='word_1_84' title='bbox 1103 694 1356 740; x_wconf 84' lang='lat' dir='ltr'>quatuordecim</span> <span class='ocrx_word' id='word_1_85' title='bbox 1379 696 1501 728; x_wconf 88' lang='lat' dir='ltr'>marcis</span> <span class='ocrx_word' id='word_1_86' title='bbox 1522 705 1720 735; x_wconf 86' lang='lat' dir='ltr'>grossorum</span> <span class='ocrx_word' id='word_1_87' title='bbox 1743 694 1970 740; x_wconf 85' lang='lat' dir='ltr'>predictorum</span> <span class='ocrx_word' id='word_1_88' title='bbox 1994 698 2024 728; x_wconf 93' lang='lat' dir='ltr'>in</span> 
     </span>
     <span class='ocr_line' id='line_1_9' title="bbox 134 755 2021 803; baseline -0.003 -9"><span class='ocrx_word' id='word_1_89' title='bbox 134 759 266 794; x_wconf 91' lang='lat' dir='ltr'>duobus</span> <span class='ocrx_word' id='word_1_90' title='bbox 296 762 447 793; x_wconf 88' lang='lat' dir='ltr'>terminis</span> <span class='ocrx_word' id='word_1_91' title='bbox 478 758 624 793; x_wconf 76' lang='lat' dir='ltr'>divisim.</span> <span class='ocrx_word' id='word_1_92' title='bbox 655 761 731 803; x_wconf 90' lang='lat' dir='ltr'>puta</span> <span class='ocrx_word' id='word_1_93' title='bbox 762 755 903 801; x_wconf 78' lang='lat' dir='ltr'>Georgii</span> <span class='ocrx_word' id='word_1_94' title='bbox 933 761 965 789; x_wconf 87' lang='lat' dir='ltr'>et</span> <span class='ocrx_word' id='word_1_95' title='bbox 994 756 1130 790; x_wconf 84' lang='lat' dir='ltr'>Martini</span> <span class='ocrx_word' id='word_1_96' title='bbox 1161 761 1355 790; x_wconf 86' lang='lat' dir='ltr'>sanctorum</span> <span class='ocrx_word' id='word_1_97' title='bbox 1386 756 1491 789; x_wconf 88' lang='lat' dir='ltr'>festis.</span> <span class='ocrx_word' id='word_1_98' title='bbox 1524 756 1615 798; x_wconf 86' lang='lat' dir='ltr'>Quas</span> <span class='ocrx_word' id='word_1_99' title='bbox 1645 756 1778 801; x_wconf 84' lang='lat' dir='ltr'>quidem</span> <span class='ocrx_word' id='word_1_100' title='bbox 1810 759 2021 802; x_wconf 86' lang='lat' dir='ltr'>septuaginta</span> 
     </span>
     <span class='ocr_line' id='line_1_10' title="bbox 135 817 2021 867; baseline -0.002 -12"><span class='ocrx_word' id='word_1_101' title='bbox 135 825 279 867; x_wconf 87' lang='lat' dir='ltr'>quatuor</span> <span class='ocrx_word' id='word_1_102' title='bbox 295 832 428 855; x_wconf 87' lang='lat' dir='ltr'>marcas</span> <span class='ocrx_word' id='word_1_103' title='bbox 445 830 646 865; x_wconf 87' lang='lat' dir='ltr'>grossorum</span> <span class='ocrx_word' id='word_1_104' title='bbox 663 818 889 865; x_wconf 86' lang='lat' dir='ltr'>predictorum</span> <span class='ocrx_word' id='word_1_105' title='bbox 906 828 980 851; x_wconf 84' lang='lat' dir='ltr'>cum</span> <span class='ocrx_word' id='word_1_106' title='bbox 999 829 1107 851; x_wconf 90' lang='lat' dir='ltr'>annua</span> <span class='ocrx_word' id='word_1_107' title='bbox 1125 821 1289 864; x_wconf 73' lang='lat' dir='ltr'>pensione</span> <span class='ocrx_word' id='word_1_108' title='bbox 1305 818 1560 863; x_wconf 85' lang='lat' dir='ltr'>quatuordecim</span> <span class='ocrx_word' id='word_1_109' title='bbox 1584 829 1772 851; x_wconf 87' lang='lat' dir='ltr'>marcarum</span> <span class='ocrx_word' id='word_1_110' title='bbox 1795 817 2021 864; x_wconf 85' lang='lat' dir='ltr'>predictarum</span> 
     </span>
     <span class='ocr_line' id='line_1_11' title="bbox 134 879 2022 930; baseline -0.003 -13"><span class='ocrx_word' id='word_1_111' title='bbox 134 886 206 930; x_wconf 89' lang='lat' dir='ltr'>ipse</span> <span class='ocrx_word' id='word_1_112' title='bbox 235 883 389 917; x_wconf 89' lang='lat' dir='ltr'>dominus</span> <span class='ocrx_word' id='word_1_113' title='bbox 419 881 601 926; x_wconf 79' lang='lat' dir='ltr'>Georgius.</span> <span class='ocrx_word' id='word_1_114' title='bbox 633 884 814 926; x_wconf 86' lang='lat' dir='ltr'>perpetuus</span> <span class='ocrx_word' id='word_1_115' title='bbox 845 882 1007 921; x_wconf 72' lang='lat' dir='ltr'>vicarius.</span> <span class='ocrx_word' id='word_1_116' title='bbox 1037 882 1189 926; x_wconf 73' lang='lat' dir='ltr'>promisit</span> <span class='ocrx_word' id='word_1_117' title='bbox 1221 884 1252 913; x_wconf 87' lang='lat' dir='ltr'>et</span> <span class='ocrx_word' id='word_1_118' title='bbox 1277 882 1437 925; x_wconf 87' lang='lat' dir='ltr'>promittit</span> <span class='ocrx_word' id='word_1_119' title='bbox 1458 879 1595 913; x_wconf 74' lang='lat' dir='ltr'>solvere</span> <span class='ocrx_word' id='word_1_120' title='bbox 1616 879 1756 924; x_wconf 83' lang='lat' dir='ltr'>singulis</span> <span class='ocrx_word' id='word_1_121' title='bbox 1777 882 1872 913; x_wconf 85' lang='lat' dir='ltr'>annis</span> <span class='ocrx_word' id='word_1_122' title='bbox 1897 890 1915 912; x_wconf 87' lang='lat' dir='ltr'>a</span> <span class='ocrx_word' id='word_1_123' title='bbox 1937 879 2022 913; x_wconf 87' lang='lat' dir='ltr'>sesto</span> 
     </span>
     <span class='ocr_line' id='line_1_12' title="bbox 132 940 2021 990; baseline -0.002 -12"><span class='ocrx_word' id='word_1_124' title='bbox 132 955 159 978; x_wconf 89' lang='lat' dir='ltr'>s.</span> <span class='ocrx_word' id='word_1_125' title='bbox 191 942 332 989; x_wconf 86' lang='lat' dir='ltr'>Georgii</span> <span class='ocrx_word' id='word_1_126' title='bbox 364 946 519 990; x_wconf 84' lang='lat' dir='ltr'>proxime</span> <span class='ocrx_word' id='word_1_127' title='bbox 540 942 657 988; x_wconf 87' lang='lat' dir='ltr'>elapso</span> <span class='ocrx_word' id='word_1_128' title='bbox 679 941 869 988; x_wconf 89' lang='lat' dir='ltr'>incipiendo</span> <span class='ocrx_word' id='word_1_129' title='bbox 890 940 952 975; x_wconf 89' lang='lat' dir='ltr'>sub</span> <span class='ocrx_word' id='word_1_130' title='bbox 974 952 1059 987; x_wconf 85' lang='lat' dir='ltr'>pena</span> <span class='ocrx_word' id='word_1_131' title='bbox 1081 941 1147 975; x_wconf 88' lang='lat' dir='ltr'>late</span> <span class='ocrx_word' id='word_1_132' title='bbox 1168 944 1343 975; x_wconf 77' lang='lat' dir='ltr'>sentencie</span> <span class='ocrx_word' id='word_1_133' title='bbox 1365 943 1483 985; x_wconf 76' lang='lat' dir='ltr'>viginti</span> <span class='ocrx_word' id='word_1_134' title='bbox 1505 945 1649 986; x_wconf 73' lang='lat' dir='ltr'>(piatuor</span> <span class='ocrx_word' id='word_1_135' title='bbox 1670 952 1801 974; x_wconf 89' lang='lat' dir='ltr'>marcas</span> <span class='ocrx_word' id='word_1_136' title='bbox 1822 952 2021 986; x_wconf 83' lang='lat' dir='ltr'>grossorum</span> 
     </span>
     <span class='ocr_line' id='line_1_13' title="bbox 134 996 2022 1052; baseline -0.002 -12"><span class='ocrx_word' id='word_1_137' title='bbox 134 1006 375 1052; x_wconf 78' lang='lat' dir='ltr'>predictorum,</span> <span class='ocrx_word' id='word_1_138' title='bbox 412 1007 462 1038; x_wconf 83' lang='lat' dir='ltr'>sio</span> <span class='ocrx_word' id='word_1_139' title='bbox 500 1003 586 1049; x_wconf 82' lang='lat' dir='ltr'>quod</span> <span class='ocrx_word' id='word_1_140' title='bbox 628 996 736 1037; x_wconf 88' lang='lat' dir='ltr'>dictus</span> <span class='ocrx_word' id='word_1_141' title='bbox 774 1003 927 1037; x_wconf 90' lang='lat' dir='ltr'>dominus</span> <span class='ocrx_word' id='word_1_142' title='bbox 966 1001 1136 1047; x_wconf 81' lang='lat' dir='ltr'>Georgius</span> <span class='ocrx_word' id='word_1_143' title='bbox 1173 1006 1302 1048; x_wconf 82' lang='lat' dir='ltr'>septem</span> <span class='ocrx_word' id='word_1_144' title='bbox 1343 1013 1475 1036; x_wconf 87' lang='lat' dir='ltr'>marcas</span> <span class='ocrx_word' id='word_1_145' title='bbox 1513 1013 1725 1047; x_wconf 84' lang='lat' dir='ltr'>grossorum.</span> <span class='ocrx_word' id='word_1_146' title='bbox 1766 1014 1848 1048; x_wconf 84' lang='lat' dir='ltr'>quas</span> <span class='ocrx_word' id='word_1_147' title='bbox 1886 1003 2022 1036; x_wconf 78' lang='lat' dir='ltr'>solvere</span> 
     </span>
     <span class='ocr_line' id='line_1_14' title="bbox 134 1063 2021 1112; baseline -0.002 -11"><span class='ocrx_word' id='word_1_148' title='bbox 134 1065 247 1101; x_wconf 84' lang='lat' dir='ltr'>debuit</span> <span class='ocrx_word' id='word_1_149' title='bbox 284 1077 345 1112; x_wconf 91' lang='lat' dir='ltr'>pro</span> <span class='ocrx_word' id='word_1_150' title='bbox 383 1076 492 1099; x_wconf 91' lang='lat' dir='ltr'>annua</span> <span class='ocrx_word' id='word_1_151' title='bbox 533 1067 696 1111; x_wconf 84' lang='lat' dir='ltr'>pensione</span> <span class='ocrx_word' id='word_1_152' title='bbox 733 1067 766 1098; x_wconf 92' lang='lat' dir='ltr'>in</span> <span class='ocrx_word' id='word_1_153' title='bbox 802 1063 888 1098; x_wconf 83' lang='lat' dir='ltr'>festo</span> <span class='ocrx_word' id='word_1_154' title='bbox 935 1076 962 1097; x_wconf 89' lang='lat' dir='ltr'>s.</span> <span class='ocrx_word' id='word_1_155' title='bbox 1001 1063 1142 1108; x_wconf 89' lang='lat' dir='ltr'>Georgii</span> <span class='ocrx_word' id='word_1_156' title='bbox 1178 1067 1346 1110; x_wconf 86' lang='lat' dir='ltr'>presentis</span> <span class='ocrx_word' id='word_1_157' title='bbox 1383 1067 1471 1101; x_wconf 81' lang='lat' dir='ltr'>anni,</span> <span class='ocrx_word' id='word_1_158' title='bbox 1509 1063 1596 1109; x_wconf 87' lang='lat' dir='ltr'>qnod</span> <span class='ocrx_word' id='word_1_159' title='bbox 1636 1064 1772 1097; x_wconf 86' lang='lat' dir='ltr'>easdem</span> <span class='ocrx_word' id='word_1_160' title='bbox 1810 1067 1959 1110; x_wconf 87' lang='lat' dir='ltr'>promisit</span> <span class='ocrx_word' id='word_1_161' title='bbox 1991 1070 2021 1097; x_wconf 86' lang='lat' dir='ltr'>et</span> 
     </span>
     <span class='ocr_line' id='line_1_15' title="bbox 133 1125 2021 1171; baseline -0.002 -9"><span class='ocrx_word' id='word_1_162' title='bbox 133 1130 290 1162; x_wconf 81' lang='lat' dir='ltr'>astrinxit</span> <span class='ocrx_word' id='word_1_163' title='bbox 331 1138 369 1162; x_wconf 89' lang='lat' dir='ltr'>se</span> <span class='ocrx_word' id='word_1_164' title='bbox 413 1127 551 1161; x_wconf 73' lang='lat' dir='ltr'>solves-‹-</span> <span class='ocrx_word' id='word_1_165' title='bbox 590 1130 622 1161; x_wconf 90' lang='lat' dir='ltr'>in</span> <span class='ocrx_word' id='word_1_166' title='bbox 670 1126 756 1160; x_wconf 84' lang='lat' dir='ltr'>l&#39;esto</span> <span class='ocrx_word' id='word_1_167' title='bbox 795 1125 826 1160; x_wconf 92' lang='lat' dir='ltr'>b.</span> <span class='ocrx_word' id='word_1_168' title='bbox 866 1125 1086 1170; x_wconf 80' lang='lat' dir='ltr'>Margaretbe</span> <span class='ocrx_word' id='word_1_169' title='bbox 1124 1128 1279 1170; x_wconf 81' lang='lat' dir='ltr'>proxime</span> <span class='ocrx_word' id='word_1_170' title='bbox 1316 1128 1466 1159; x_wconf 75' lang='lat' dir='ltr'>venienti</span> <span class='ocrx_word' id='word_1_171' title='bbox 1503 1125 1563 1159; x_wconf 85' lang='lat' dir='ltr'>sub</span> <span class='ocrx_word' id='word_1_172' title='bbox 1601 1136 1685 1171; x_wconf 85' lang='lat' dir='ltr'>pena</span> <span class='ocrx_word' id='word_1_173' title='bbox 1725 1129 1960 1159; x_wconf 82' lang='lat' dir='ltr'>reintrusionis</span> <span class='ocrx_word' id='word_1_174' title='bbox 1990 1129 2021 1159; x_wconf 91' lang='lat' dir='ltr'>in</span> 
     </span>
     <span class='ocr_line' id='line_1_16' title="bbox 135 1186 2023 1236; baseline -0.002 -12"><span class='ocrx_word' id='word_1_175' title='bbox 135 1192 293 1236; x_wconf 83' lang='lat' dir='ltr'>pristinas</span> <span class='ocrx_word' id='word_1_176' title='bbox 322 1193 527 1232; x_wconf 64' lang='lat' dir='ltr'>sentencias,</span> <span class='ocrx_word' id='word_1_177' title='bbox 559 1188 678 1234; x_wconf 89' lang='lat' dir='ltr'>quibus</span> <span class='ocrx_word' id='word_1_178' title='bbox 716 1188 757 1222; x_wconf 89' lang='lat' dir='ltr'>ob</span> <span class='ocrx_word' id='word_1_179' title='bbox 797 1187 861 1222; x_wconf 88' lang='lat' dir='ltr'>boc</span> <span class='ocrx_word' id='word_1_180' title='bbox 899 1192 971 1221; x_wconf 85' lang='lat' dir='ltr'>erat</span> <span class='ocrx_word' id='word_1_181' title='bbox 1010 1187 1211 1229; x_wconf 74' lang='lat' dir='ltr'>innodatus3</span> <span class='ocrx_word' id='word_1_182' title='bbox 1258 1190 1336 1220; x_wconf 80' lang='lat' dir='ltr'>item</span> <span class='ocrx_word' id='word_1_183' title='bbox 1367 1186 1440 1220; x_wconf 67' lang='lat' dir='ltr'>Vll.</span> <span class='ocrx_word' id='word_1_184' title='bbox 1473 1198 1604 1220; x_wconf 84' lang='lat' dir='ltr'>marcas</span> <span class='ocrx_word' id='word_1_185' title='bbox 1643 1190 1672 1220; x_wconf 90' lang='lat' dir='ltr'>in</span> <span class='ocrx_word' id='word_1_186' title='bbox 1704 1187 1790 1221; x_wconf 71' lang='lat' dir='ltr'>festo</span> <span class='ocrx_word' id='word_1_187' title='bbox 1829 1187 1859 1221; x_wconf 93' lang='lat' dir='ltr'>b.</span> <span class='ocrx_word' id='word_1_188' title='bbox 1890 1187 2023 1221; x_wconf 80' lang='lat' dir='ltr'>Martini</span> 
     </span>
     <span class='ocr_line' id='line_1_17' title="bbox 135 1249 2022 1296; baseline -0.002 -11"><span class='ocrx_word' id='word_1_189' title='bbox 135 1250 315 1285; x_wconf 89' lang='lat' dir='ltr'>inmediate</span> <span class='ocrx_word' id='word_1_190' title='bbox 343 1253 499 1296; x_wconf 83' lang='lat' dir='ltr'>sequenti</span> <span class='ocrx_word' id='word_1_191' title='bbox 530 1254 561 1283; x_wconf 89' lang='lat' dir='ltr'>et</span> <span class='ocrx_word' id='word_1_192' title='bbox 592 1250 709 1283; x_wconf 89' lang='lat' dir='ltr'>decem</span> <span class='ocrx_word' id='word_1_193' title='bbox 751 1260 882 1283; x_wconf 85' lang='lat' dir='ltr'>marcas</span> <span class='ocrx_word' id='word_1_194' title='bbox 921 1260 981 1294; x_wconf 91' lang='lat' dir='ltr'>pro</span> <span class='ocrx_word' id='word_1_195' title='bbox 1020 1251 1188 1294; x_wconf 87' lang='lat' dir='ltr'>pensione</span> <span class='ocrx_word' id='word_1_196' title='bbox 1218 1253 1348 1282; x_wconf 85' lang='lat' dir='ltr'>retenta</span> <span class='ocrx_word' id='word_1_197' title='bbox 1379 1252 1408 1283; x_wconf 91' lang='lat' dir='ltr'>in</span> <span class='ocrx_word' id='word_1_198' title='bbox 1450 1249 1615 1282; x_wconf 84' lang='lat' dir='ltr'>dominica</span> <span class='ocrx_word' id='word_1_199' title='bbox 1649 1249 1767 1283; x_wconf 78' lang='lat' dir='ltr'>Letare</span> <span class='ocrx_word' id='word_1_200' title='bbox 1797 1249 1838 1283; x_wconf 89' lang='lat' dir='ltr'>de</span> <span class='ocrx_word' id='word_1_201' title='bbox 1868 1252 2022 1295; x_wconf 76' lang='lat' dir='ltr'>proximo</span> 
     </span>
     <span class='ocr_line' id='line_1_18' title="bbox 135 1310 1880 1357; baseline -0.002 -11"><span class='ocrx_word' id='word_1_202' title='bbox 135 1315 291 1354; x_wconf 84' lang='lat' dir='ltr'>ventura,</span> <span class='ocrx_word' id='word_1_203' title='bbox 320 1315 352 1345; x_wconf 90' lang='lat' dir='ltr'>et</span> <span class='ocrx_word' id='word_1_204' title='bbox 381 1314 431 1346; x_wconf 88' lang='lat' dir='ltr'>sic</span> <span class='ocrx_word' id='word_1_205' title='bbox 461 1311 602 1349; x_wconf 86' lang='lat' dir='ltr'>singulis</span> <span class='ocrx_word' id='word_1_206' title='bbox 631 1313 727 1344; x_wconf 89' lang='lat' dir='ltr'>annis</span> <span class='ocrx_word' id='word_1_207' title='bbox 758 1310 878 1344; x_wconf 88' lang='lat' dir='ltr'>suturis</span> <span class='ocrx_word' id='word_1_208' title='bbox 907 1310 1016 1355; x_wconf 85' lang='lat' dir='ltr'>quoad</span> <span class='ocrx_word' id='word_1_209' title='bbox 1047 1313 1331 1344; x_wconf 84' lang='lat' dir='ltr'>extenuacionctn</span> <span class='ocrx_word' id='word_1_210' title='bbox 1363 1310 1463 1344; x_wconf 84' lang='lat' dir='ltr'>debiti</span> <span class='ocrx_word' id='word_1_211' title='bbox 1495 1310 1655 1344; x_wconf 80' lang='lat' dir='ltr'>subtracti</span> <span class='ocrx_word' id='word_1_212' title='bbox 1686 1311 1880 1357; x_wconf 83' lang='lat' dir='ltr'>supradicti.</span> 
     </span>
    </p>

    <p class='ocr_par' dir='ltr' id='par_1_3' title="bbox 133 1371 2023 2463">
     <span class='ocr_line' id='line_1_19' title="bbox 292 1371 2022 1407; baseline -0.001 0"><span class='ocrx_word' id='word_1_213' title='bbox 292 1373 373 1407; x_wconf 84' lang='lat' dir='ltr'>Item</span> <span class='ocrx_word' id='word_1_214' title='bbox 405 1372 513 1407; x_wconf 88' lang='lat' dir='ltr'>dictus</span> <span class='ocrx_word' id='word_1_215' title='bbox 543 1374 699 1407; x_wconf 90' lang='lat' dir='ltr'>dominus</span> <span class='ocrx_word' id='word_1_216' title='bbox 731 1372 904 1406; x_wconf 86' lang='lat' dir='ltr'>Fridricus</span> <span class='ocrx_word' id='word_1_217' title='bbox 933 1382 976 1405; x_wconf 81' lang='lat' dir='ltr'>ex</span> <span class='ocrx_word' id='word_1_218' title='bbox 1008 1371 1114 1405; x_wconf 89' lang='lat' dir='ltr'>libero</span> <span class='ocrx_word' id='word_1_219' title='bbox 1144 1375 1256 1405; x_wconf 84' lang='lat' dir='ltr'>animo</span> <span class='ocrx_word' id='word_1_220' title='bbox 1286 1376 1316 1405; x_wconf 88' lang='lat' dir='ltr'>et</span> <span class='ocrx_word' id='word_1_221' title='bbox 1348 1372 1434 1406; x_wconf 88' lang='lat' dir='ltr'>bona</span> <span class='ocrx_word' id='word_1_222' title='bbox 1462 1372 1636 1406; x_wconf 81' lang='lat' dir='ltr'>voluntate</span> <span class='ocrx_word' id='word_1_223' title='bbox 1667 1372 1743 1406; x_wconf 85' lang='lat' dir='ltr'>fecit</span> <span class='ocrx_word' id='word_1_224' title='bbox 1774 1377 1802 1405; x_wconf 87' lang='lat' dir='ltr'>et</span> <span class='ocrx_word' id='word_1_225' title='bbox 1836 1373 1911 1406; x_wconf 86' lang='lat' dir='ltr'>l&#39;aeit</span> <span class='ocrx_word' id='word_1_226' title='bbox 1935 1372 2022 1405; x_wconf 74' lang='lat' dir='ltr'>(licto</span> 
     </span>
     <span class='ocr_line' id='line_1_20' title="bbox 134 1434 2020 1481; baseline -0.002 -12"><span class='ocrx_word' id='word_1_227' title='bbox 134 1435 270 1470; x_wconf 88' lang='lat' dir='ltr'>domino</span> <span class='ocrx_word' id='word_1_228' title='bbox 308 1434 473 1480; x_wconf 89' lang='lat' dir='ltr'>Georgio.</span> <span class='ocrx_word' id='word_1_229' title='bbox 512 1439 678 1481; x_wconf 85' lang='lat' dir='ltr'>perpetuo</span> <span class='ocrx_word' id='word_1_230' title='bbox 715 1437 855 1468; x_wconf 79' lang='lat' dir='ltr'>vicario.</span> <span class='ocrx_word' id='word_1_231' title='bbox 895 1436 1045 1478; x_wconf 84' lang='lat' dir='ltr'>graciam</span> <span class='ocrx_word' id='word_1_232' title='bbox 1085 1436 1116 1466; x_wconf 93' lang='lat' dir='ltr'>in</span> <span class='ocrx_word' id='word_1_233' title='bbox 1156 1438 1299 1478; x_wconf 85' lang='lat' dir='ltr'>quatuor</span> <span class='ocrx_word' id='word_1_234' title='bbox 1338 1437 1461 1467; x_wconf 88' lang='lat' dir='ltr'>marcis</span> <span class='ocrx_word' id='word_1_235' title='bbox 1490 1445 1688 1471; x_wconf 86' lang='lat' dir='ltr'>grossorum</span> <span class='ocrx_word' id='word_1_236' title='bbox 1720 1434 1960 1479; x_wconf 81' lang='lat' dir='ltr'>predictorum.</span> <span class='ocrx_word' id='word_1_237' title='bbox 1992 1438 2020 1466; x_wconf 83' lang='lat' dir='ltr'>et</span> 
     </span>
     <span class='ocr_line' id='line_1_21' title="bbox 135 1495 2022 1542; baseline -0.002 -10"><span class='ocrx_word' id='word_1_238' title='bbox 135 1507 272 1532; x_wconf 85' lang='lat' dir='ltr'>exnunc</span> <span class='ocrx_word' id='word_1_239' title='bbox 300 1499 438 1531; x_wconf 84' lang='lat' dir='ltr'>remittit</span> <span class='ocrx_word' id='word_1_240' title='bbox 466 1495 528 1530; x_wconf 91' lang='lat' dir='ltr'>sibi</span> <span class='ocrx_word' id='word_1_241' title='bbox 559 1501 588 1529; x_wconf 88' lang='lat' dir='ltr'>et</span> <span class='ocrx_word' id='word_1_242' title='bbox 620 1499 724 1542; x_wconf 83' lang='lat' dir='ltr'>parcit</span> <span class='ocrx_word' id='word_1_243' title='bbox 747 1495 883 1529; x_wconf 76' lang='lat' dir='ltr'>easdem</span> <span class='ocrx_word' id='word_1_244' title='bbox 907 1505 950 1528; x_wconf 80' lang='lat' dir='ltr'>ex</span> <span class='ocrx_word' id='word_1_245' title='bbox 971 1497 1087 1539; x_wconf 81' lang='lat' dir='ltr'>gracia</span> <span class='ocrx_word' id='word_1_246' title='bbox 1108 1497 1156 1528; x_wconf 89' lang='lat' dir='ltr'>sic</span> <span class='ocrx_word' id='word_1_247' title='bbox 1183 1499 1305 1529; x_wconf 87' lang='lat' dir='ltr'>tamen.</span> <span class='ocrx_word' id='word_1_248' title='bbox 1328 1496 1414 1540; x_wconf 83' lang='lat' dir='ltr'>quod</span> <span class='ocrx_word' id='word_1_249' title='bbox 1437 1499 1464 1529; x_wconf 88' lang='lat' dir='ltr'>si</span> <span class='ocrx_word' id='word_1_250' title='bbox 1486 1496 1666 1539; x_wconf 71' lang='lat' dir='ltr'>negligens</span> <span class='ocrx_word' id='word_1_251' title='bbox 1688 1495 1773 1529; x_wconf 79' lang='lat' dir='ltr'>soret</span> <span class='ocrx_word' id='word_1_252' title='bbox 1796 1498 1826 1529; x_wconf 93' lang='lat' dir='ltr'>in</span> <span class='ocrx_word' id='word_1_253' title='bbox 1848 1495 2022 1529; x_wconf 79' lang='lat' dir='ltr'>solucione</span> 
     </span>
     <span class='ocr_line' id='line_1_22' title="bbox 136 1556 2021 1604; baseline -0.001 -12"><span class='ocrx_word' id='word_1_254' title='bbox 136 1562 344 1593; x_wconf 87' lang='lat' dir='ltr'>retentorum</span> <span class='ocrx_word' id='word_1_255' title='bbox 373 1562 406 1592; x_wconf 90' lang='lat' dir='ltr'>et</span> <span class='ocrx_word' id='word_1_256' title='bbox 435 1561 599 1604; x_wconf 84' lang='lat' dir='ltr'>pensione</span> <span class='ocrx_word' id='word_1_257' title='bbox 629 1557 842 1603; x_wconf 68' lang='lat' dir='ltr'>supradictis,</span> <span class='ocrx_word' id='word_1_258' title='bbox 873 1556 960 1602; x_wconf 58' lang='lat' dir='ltr'>(quod</span> <span class='ocrx_word' id='word_1_259' title='bbox 991 1560 1117 1589; x_wconf 84' lang='lat' dir='ltr'>extunc</span> <span class='ocrx_word' id='word_1_260' title='bbox 1146 1556 1225 1590; x_wconf 78' lang='lat' dir='ltr'>velit</span> <span class='ocrx_word' id='word_1_261' title='bbox 1247 1557 1368 1590; x_wconf 85' lang='lat' dir='ltr'>dictam</span> <span class='ocrx_word' id='word_1_262' title='bbox 1390 1560 1539 1601; x_wconf 78' lang='lat' dir='ltr'>graciam</span> <span class='ocrx_word' id='word_1_263' title='bbox 1562 1557 1623 1591; x_wconf 88' lang='lat' dir='ltr'>sibi</span> <span class='ocrx_word' id='word_1_264' title='bbox 1647 1557 1766 1590; x_wconf 74' lang='lat' dir='ltr'>factam</span> <span class='ocrx_word' id='word_1_265' title='bbox 1789 1568 1866 1591; x_wconf 78' lang='lat' dir='ltr'>esse</span> <span class='ocrx_word' id='word_1_266' title='bbox 1888 1557 2021 1590; x_wconf 89' lang='lat' dir='ltr'>nullam.</span> 
     </span>
     <span class='ocr_line' id='line_1_23' title="bbox 135 1617 2023 1666; baseline -0.001 -13"><span class='ocrx_word' id='word_1_267' title='bbox 135 1618 279 1666; x_wconf 84' lang='lat' dir='ltr'>Insuper</span> <span class='ocrx_word' id='word_1_268' title='bbox 313 1619 421 1653; x_wconf 89' lang='lat' dir='ltr'>dictus</span> <span class='ocrx_word' id='word_1_269' title='bbox 459 1618 631 1653; x_wconf 85' lang='lat' dir='ltr'>Fridricus</span> <span class='ocrx_word' id='word_1_270' title='bbox 668 1630 712 1652; x_wconf 87' lang='lat' dir='ltr'>ex</span> <span class='ocrx_word' id='word_1_271' title='bbox 750 1617 950 1652; x_wconf 83' lang='lat' dir='ltr'>liberalitate</span> <span class='ocrx_word' id='word_1_272' title='bbox 989 1619 1089 1651; x_wconf 87' lang='lat' dir='ltr'>animi</span> <span class='ocrx_word' id='word_1_273' title='bbox 1126 1621 1176 1651; x_wconf 85' lang='lat' dir='ltr'>sui</span> <span class='ocrx_word' id='word_1_274' title='bbox 1214 1618 1309 1661; x_wconf 82' lang='lat' dir='ltr'>dixit.</span> <span class='ocrx_word' id='word_1_275' title='bbox 1340 1619 1426 1664; x_wconf 87' lang='lat' dir='ltr'>qnod</span> <span class='ocrx_word' id='word_1_276' title='bbox 1466 1622 1492 1652; x_wconf 88' lang='lat' dir='ltr'>si</span> <span class='ocrx_word' id='word_1_277' title='bbox 1533 1619 1658 1652; x_wconf 87' lang='lat' dir='ltr'>realem</span> <span class='ocrx_word' id='word_1_278' title='bbox 1689 1623 1719 1652; x_wconf 88' lang='lat' dir='ltr'>et</span> <span class='ocrx_word' id='word_1_279' title='bbox 1751 1618 1960 1652; x_wconf 86' lang='lat' dir='ltr'>ell&#39;ectualem</span> <span class='ocrx_word' id='word_1_280' title='bbox 1992 1621 2023 1652; x_wconf 88' lang='lat' dir='ltr'>in</span> 
     </span>
     <span class='ocr_line' id='line_1_24' title="bbox 135 1677 2020 1726; baseline -0.002 -11"><span class='ocrx_word' id='word_1_281' title='bbox 135 1679 364 1715; x_wconf 87' lang='lat' dir='ltr'>solucionibus</span> <span class='ocrx_word' id='word_1_282' title='bbox 407 1680 514 1714; x_wconf 88' lang='lat' dir='ltr'>dictus</span> <span class='ocrx_word' id='word_1_283' title='bbox 558 1680 713 1714; x_wconf 89' lang='lat' dir='ltr'>dominns</span> <span class='ocrx_word' id='word_1_284' title='bbox 757 1678 927 1723; x_wconf 77' lang='lat' dir='ltr'>Georgius</span> <span class='ocrx_word' id='word_1_285' title='bbox 966 1690 1003 1712; x_wconf 89' lang='lat' dir='ltr'>se</span> <span class='ocrx_word' id='word_1_286' title='bbox 1042 1677 1245 1723; x_wconf 66' lang='lat' dir='ltr'>exliibuerit‚</span> <span class='ocrx_word' id='word_1_287' title='bbox 1284 1681 1371 1725; x_wconf 84' lang='lat' dir='ltr'>quod</span> <span class='ocrx_word' id='word_1_288' title='bbox 1410 1683 1561 1720; x_wconf 86' lang='lat' dir='ltr'>graciam</span> <span class='ocrx_word' id='word_1_289' title='bbox 1599 1679 1660 1713; x_wconf 92' lang='lat' dir='ltr'>sibi</span> <span class='ocrx_word' id='word_1_290' title='bbox 1699 1683 1912 1726; x_wconf 70' lang='lat' dir='ltr'>pinguiorem</span> <span class='ocrx_word' id='word_1_291' title='bbox 1944 1680 2020 1713; x_wconf 92' lang='lat' dir='ltr'>nolit</span> 
     </span>
     <span class='ocr_line' id='line_1_25' title="bbox 134 1740 2022 1788; baseline -0.002 -10"><span class='ocrx_word' id='word_1_292' title='bbox 134 1743 320 1788; x_wconf 80' lang='lat' dir='ltr'>denegare.</span> <span class='ocrx_word' id='word_1_293' title='bbox 378 1742 521 1788; x_wconf 89' lang='lat' dir='ltr'>Insuper</span> <span class='ocrx_word' id='word_1_294' title='bbox 550 1742 657 1776; x_wconf 89' lang='lat' dir='ltr'>dictus</span> <span class='ocrx_word' id='word_1_295' title='bbox 689 1741 859 1775; x_wconf 80' lang='lat' dir='ltr'>Fridricus</span> <span class='ocrx_word' id='word_1_296' title='bbox 890 1740 1066 1774; x_wconf 88' lang='lat' dir='ltr'>nonnullas</span> <span class='ocrx_word' id='word_1_297' title='bbox 1096 1751 1265 1786; x_wconf 85' lang='lat' dir='ltr'>expensas</span> <span class='ocrx_word' id='word_1_298' title='bbox 1305 1742 1489 1776; x_wconf 85' lang='lat' dir='ltr'>litterarum</span> <span class='ocrx_word' id='word_1_299' title='bbox 1529 1746 1559 1775; x_wconf 90' lang='lat' dir='ltr'>et</span> <span class='ocrx_word' id='word_1_300' title='bbox 1591 1745 1808 1776; x_wconf 89' lang='lat' dir='ltr'>nuncciormn</span> <span class='ocrx_word' id='word_1_301' title='bbox 1841 1741 1917 1775; x_wconf 88' lang='lat' dir='ltr'>secit</span> <span class='ocrx_word' id='word_1_302' title='bbox 1949 1753 2022 1775; x_wconf 82' lang='lat' dir='ltr'>cum</span> 
     </span>
     <span class='ocr_line' id='line_1_26' title="bbox 133 1801 2022 1850; baseline -0.002 -11"><span class='ocrx_word' id='word_1_303' title='bbox 133 1815 195 1839; x_wconf 89' lang='lat' dir='ltr'>suo</span> <span class='ocrx_word' id='word_1_304' title='bbox 223 1808 446 1850; x_wconf 85' lang='lat' dir='ltr'>procuratore</span> <span class='ocrx_word' id='word_1_305' title='bbox 476 1806 639 1849; x_wconf 83' lang='lat' dir='ltr'>magistro</span> <span class='ocrx_word' id='word_1_306' title='bbox 661 1802 818 1837; x_wconf 83' lang='lat' dir='ltr'>Conrado</span> <span class='ocrx_word' id='word_1_307' title='bbox 848 1803 888 1835; x_wconf 87' lang='lat' dir='ltr'>‹le</span> <span class='ocrx_word' id='word_1_308' title='bbox 911 1801 1052 1837; x_wconf 78' lang='lat' dir='ltr'>ssracns.</span> <span class='ocrx_word' id='word_1_309' title='bbox 1074 1802 1241 1836; x_wconf 74' lang='lat' dir='ltr'>advocato</span> <span class='ocrx_word' id='word_1_310' title='bbox 1263 1806 1454 1837; x_wconf 87' lang='lat' dir='ltr'>consistorii</span> <span class='ocrx_word' id='word_1_311' title='bbox 1482 1803 1676 1847; x_wconf 48' lang='lat' dir='ltr'>l&#39;ragensis</span> <span class='ocrx_word' id='word_1_312' title='bbox 1697 1808 1729 1836; x_wconf 84' lang='lat' dir='ltr'>et</span> <span class='ocrx_word' id='word_1_313' title='bbox 1760 1805 1831 1849; x_wconf 82' lang='lat' dir='ltr'>ipse</span> <span class='ocrx_word' id='word_1_314' title='bbox 1862 1805 2022 1841; x_wconf 83' lang='lat' dir='ltr'>magister</span> 
     </span>
     <span class='ocr_line' id='line_1_27' title="bbox 135 1863 2020 1912; baseline -0.002 -12"><span class='ocrx_word' id='word_1_315' title='bbox 135 1865 312 1900; x_wconf 82' lang='lat' dir='ltr'>Conradus</span> <span class='ocrx_word' id='word_1_316' title='bbox 341 1876 402 1912; x_wconf 93' lang='lat' dir='ltr'>pro</span> <span class='ocrx_word' id='word_1_317' title='bbox 434 1865 585 1911; x_wconf 87' lang='lat' dir='ltr'>predicto</span> <span class='ocrx_word' id='word_1_318' title='bbox 615 1865 752 1899; x_wconf 88' lang='lat' dir='ltr'>domino</span> <span class='ocrx_word' id='word_1_319' title='bbox 783 1864 935 1898; x_wconf 84' lang='lat' dir='ltr'>Fridrico</span> <span class='ocrx_word' id='word_1_320' title='bbox 966 1867 1082 1897; x_wconf 88' lang='lat' dir='ltr'>contra</span> <span class='ocrx_word' id='word_1_321' title='bbox 1106 1867 1138 1896; x_wconf 89' lang='lat' dir='ltr'>et</span> <span class='ocrx_word' id='word_1_322' title='bbox 1167 1863 1335 1898; x_wconf 77' lang='lat' dir='ltr'>adversus</span> <span class='ocrx_word' id='word_1_323' title='bbox 1365 1865 1533 1899; x_wconf 86' lang='lat' dir='ltr'>dominum</span> <span class='ocrx_word' id='word_1_324' title='bbox 1565 1864 1750 1909; x_wconf 76' lang='lat' dir='ltr'>Georgium</span> <span class='ocrx_word' id='word_1_325' title='bbox 1781 1865 2020 1911; x_wconf 87' lang='lat' dir='ltr'>supradictum.</span> 
     </span>
     <span class='ocr_line' id='line_1_28' title="bbox 135 1926 2020 1974; baseline -0.002 -13"><span class='ocrx_word' id='word_1_326' title='bbox 135 1938 201 1974; x_wconf 84' lang='lat' dir='ltr'>que</span> <span class='ocrx_word' id='word_1_327' title='bbox 229 1938 359 1961; x_wconf 86' lang='lat' dir='ltr'>summa</span> <span class='ocrx_word' id='word_1_328' title='bbox 389 1938 426 1961; x_wconf 89' lang='lat' dir='ltr'>se</span> <span class='ocrx_word' id='word_1_329' title='bbox 456 1926 607 1961; x_wconf 87' lang='lat' dir='ltr'>extendit</span> <span class='ocrx_word' id='word_1_330' title='bbox 637 1926 680 1960; x_wconf 94' lang='lat' dir='ltr'>ad</span> <span class='ocrx_word' id='word_1_331' title='bbox 710 1926 962 1972; x_wconf 78' lang='lat' dir='ltr'>quatuordecim</span> <span class='ocrx_word' id='word_1_332' title='bbox 994 1936 1188 1969; x_wconf 81' lang='lat' dir='ltr'>sexagenas</span> <span class='ocrx_word' id='word_1_333' title='bbox 1216 1937 1416 1970; x_wconf 84' lang='lat' dir='ltr'>grossorum</span> <span class='ocrx_word' id='word_1_334' title='bbox 1447 1932 1477 1960; x_wconf 89' lang='lat' dir='ltr'>et</span> <span class='ocrx_word' id='word_1_335' title='bbox 1509 1927 1592 1960; x_wconf 89' lang='lat' dir='ltr'>ultra</span> <span class='ocrx_word' id='word_1_336' title='bbox 1615 1926 1670 1960; x_wconf 88' lang='lat' dir='ltr'>vel</span> <span class='ocrx_word' id='word_1_337' title='bbox 1702 1926 1804 1960; x_wconf 78' lang='lat' dir='ltr'>infra:</span> <span class='ocrx_word' id='word_1_338' title='bbox 1836 1937 1937 1972; x_wconf 83' lang='lat' dir='ltr'>super</span> <span class='ocrx_word' id='word_1_339' title='bbox 1958 1937 2020 1971; x_wconf 84' lang='lat' dir='ltr'>qua</span> 
     </span>
     <span class='ocr_line' id='line_1_29' title="bbox 135 1986 2017 2035; baseline -0.002 -12"><span class='ocrx_word' id='word_1_340' title='bbox 135 1991 394 2035; x_wconf 86' lang='lat' dir='ltr'>computacione</span> <span class='ocrx_word' id='word_1_341' title='bbox 423 1992 529 2022; x_wconf 86' lang='lat' dir='ltr'>statur</span> <span class='ocrx_word' id='word_1_342' title='bbox 559 1987 654 2021; x_wconf 91' lang='lat' dir='ltr'>dictis</span> <span class='ocrx_word' id='word_1_343' title='bbox 685 1990 836 2027; x_wconf 74' lang='lat' dir='ltr'>magistri</span> <span class='ocrx_word' id='word_1_344' title='bbox 868 1986 1028 2020; x_wconf 78' lang='lat' dir='ltr'>Com-adi.</span> <span class='ocrx_word' id='word_1_345' title='bbox 1059 1997 1156 2031; x_wconf 83' lang='lat' dir='ltr'>quam</span> <span class='ocrx_word' id='word_1_346' title='bbox 1188 1986 1295 2021; x_wconf 87' lang='lat' dir='ltr'>dictus</span> <span class='ocrx_word' id='word_1_347' title='bbox 1325 1987 1478 2022; x_wconf 90' lang='lat' dir='ltr'>dominus</span> <span class='ocrx_word' id='word_1_348' title='bbox 1501 1988 1672 2022; x_wconf 83' lang='lat' dir='ltr'>Fridricus</span> <span class='ocrx_word' id='word_1_349' title='bbox 1702 1999 1804 2033; x_wconf 80' lang='lat' dir='ltr'>snper</span> <span class='ocrx_word' id='word_1_350' title='bbox 1834 1999 1871 2021; x_wconf 77' lang='lat' dir='ltr'>se</span> <span class='ocrx_word' id='word_1_351' title='bbox 1893 1990 2017 2033; x_wconf 87' lang='lat' dir='ltr'>recepit</span> 
     </span>
     <span class='ocr_line' id='line_1_30' title="bbox 135 2047 2020 2096; baseline -0.002 -12"><span class='ocrx_word' id='word_1_352' title='bbox 135 2054 169 2084; x_wconf 88' lang='lat' dir='ltr'>et</span> <span class='ocrx_word' id='word_1_353' title='bbox 198 2052 329 2096; x_wconf 73' lang='lat' dir='ltr'>recipit,</span> <span class='ocrx_word' id='word_1_354' title='bbox 358 2049 479 2083; x_wconf 88' lang='lat' dir='ltr'>volens</span> <span class='ocrx_word' id='word_1_355' title='bbox 508 2049 596 2083; x_wconf 88' lang='lat' dir='ltr'>dicto</span> <span class='ocrx_word' id='word_1_356' title='bbox 627 2051 790 2094; x_wconf 84' lang='lat' dir='ltr'>magistro</span> <span class='ocrx_word' id='word_1_357' title='bbox 821 2047 979 2082; x_wconf 80' lang='lat' dir='ltr'>Conrado</span> <span class='ocrx_word' id='word_1_358' title='bbox 1018 2047 1217 2081; x_wconf 81' lang='lat' dir='ltr'>satisfacere</span> <span class='ocrx_word' id='word_1_359' title='bbox 1256 2060 1316 2094; x_wconf 90' lang='lat' dir='ltr'>pro</span> <span class='ocrx_word' id='word_1_360' title='bbox 1355 2050 1442 2083; x_wconf 90' lang='lat' dir='ltr'>dicto</span> <span class='ocrx_word' id='word_1_361' title='bbox 1473 2050 1608 2083; x_wconf 89' lang='lat' dir='ltr'>domino</span> <span class='ocrx_word' id='word_1_362' title='bbox 1639 2050 1789 2093; x_wconf 76' lang='lat' dir='ltr'>(ieorgio</span> <span class='ocrx_word' id='word_1_363' title='bbox 1818 2052 1868 2082; x_wconf 82' lang='lat' dir='ltr'>sic</span> <span class='ocrx_word' id='word_1_364' title='bbox 1899 2053 2020 2082; x_wconf 88' lang='lat' dir='ltr'>tamen.</span> 
     </span>
     <span class='ocr_line' id='line_1_31' title="bbox 135 2109 2021 2157; baseline -0.002 -12"><span class='ocrx_word' id='word_1_365' title='bbox 135 2110 223 2157; x_wconf 87' lang='lat' dir='ltr'>quod</span> <span class='ocrx_word' id='word_1_366' title='bbox 261 2113 289 2145; x_wconf 91' lang='lat' dir='ltr'>si</span> <span class='ocrx_word' id='word_1_367' title='bbox 326 2111 434 2145; x_wconf 91' lang='lat' dir='ltr'>dictus</span> <span class='ocrx_word' id='word_1_368' title='bbox 473 2111 628 2144; x_wconf 83' lang='lat' dir='ltr'>dominus</span> <span class='ocrx_word' id='word_1_369' title='bbox 669 2109 839 2156; x_wconf 80' lang='lat' dir='ltr'>Georgius</span> <span class='ocrx_word' id='word_1_370' title='bbox 877 2109 1055 2154; x_wconf 77' lang='lat' dir='ltr'>negligens</span> <span class='ocrx_word' id='word_1_371' title='bbox 1092 2113 1122 2141; x_wconf 89' lang='lat' dir='ltr'>et</span> <span class='ocrx_word' id='word_1_372' title='bbox 1162 2112 1323 2144; x_wconf 90' lang='lat' dir='ltr'>remissus</span> <span class='ocrx_word' id='word_1_373' title='bbox 1361 2110 1459 2144; x_wconf 88' lang='lat' dir='ltr'>fuerit</span> <span class='ocrx_word' id='word_1_374' title='bbox 1498 2114 1528 2144; x_wconf 94' lang='lat' dir='ltr'>in</span> <span class='ocrx_word' id='word_1_375' title='bbox 1558 2111 1732 2144; x_wconf 83' lang='lat' dir='ltr'>solucione</span> <span class='ocrx_word' id='word_1_376' title='bbox 1763 2112 1960 2156; x_wconf 84' lang='lat' dir='ltr'>pensiomnn</span> <span class='ocrx_word' id='word_1_377' title='bbox 1991 2114 2021 2143; x_wconf 90' lang='lat' dir='ltr'>et</span> 
     </span>
     <span class='ocr_line' id='line_1_32' title="bbox 135 2170 2020 2218; baseline -0.002 -11"><span class='ocrx_word' id='word_1_378' title='bbox 135 2176 343 2207; x_wconf 86' lang='lat' dir='ltr'>retentorum</span> <span class='ocrx_word' id='word_1_379' title='bbox 374 2172 655 2218; x_wconf 78' lang='lat' dir='ltr'>supradictorum,</span> <span class='ocrx_word' id='word_1_380' title='bbox 687 2171 775 2217; x_wconf 84' lang='lat' dir='ltr'>qnod</span> <span class='ocrx_word' id='word_1_381' title='bbox 807 2176 931 2205; x_wconf 79' lang='lat' dir='ltr'>extunc</span> <span class='ocrx_word' id='word_1_382' title='bbox 961 2170 1069 2203; x_wconf 87' lang='lat' dir='ltr'>dictus</span> <span class='ocrx_word' id='word_1_383' title='bbox 1099 2170 1252 2205; x_wconf 85' lang='lat' dir='ltr'>dominus</span> <span class='ocrx_word' id='word_1_384' title='bbox 1275 2171 1446 2206; x_wconf 90' lang='lat' dir='ltr'>Fridricus</span> <span class='ocrx_word' id='word_1_385' title='bbox 1467 2172 1617 2217; x_wconf 82' lang='lat' dir='ltr'>singulas</span> <span class='ocrx_word' id='word_1_386' title='bbox 1638 2182 1806 2218; x_wconf 76' lang='lat' dir='ltr'>expensas</span> <span class='ocrx_word' id='word_1_387' title='bbox 1837 2171 2020 2204; x_wconf 84' lang='lat' dir='ltr'>litterarum</span> 
     </span>
     <span class='ocr_line' id='line_1_33' title="bbox 133 2232 2019 2280; baseline -0.001 -13"><span class='ocrx_word' id='word_1_388' title='bbox 133 2232 200 2280; x_wconf 86' lang='lat' dir='ltr'>[et]</span> <span class='ocrx_word' id='word_1_389' title='bbox 238 2236 456 2268; x_wconf 84' lang='lat' dir='ltr'>nunccioruin</span> <span class='ocrx_word' id='word_1_390' title='bbox 497 2234 577 2268; x_wconf 79' lang='lat' dir='ltr'>velit</span> <span class='ocrx_word' id='word_1_391' title='bbox 614 2233 740 2268; x_wconf 82' lang='lat' dir='ltr'>habere</span> <span class='ocrx_word' id='word_1_392' title='bbox 779 2239 809 2267; x_wconf 89' lang='lat' dir='ltr'>ct</span> <span class='ocrx_word' id='word_1_393' title='bbox 850 2238 1006 2279; x_wconf 79' lang='lat' dir='ltr'>repetere</span> <span class='ocrx_word' id='word_1_394' title='bbox 1045 2236 1076 2266; x_wconf 90' lang='lat' dir='ltr'>in</span> <span class='ocrx_word' id='word_1_395' title='bbox 1116 2244 1235 2279; x_wconf 86' lang='lat' dir='ltr'>penam</span> <span class='ocrx_word' id='word_1_396' title='bbox 1274 2236 1303 2266; x_wconf 90' lang='lat' dir='ltr'>in</span> <span class='ocrx_word' id='word_1_397' title='bbox 1341 2233 1429 2267; x_wconf 89' lang='lat' dir='ltr'>dicto</span> <span class='ocrx_word' id='word_1_398' title='bbox 1468 2233 1604 2267; x_wconf 89' lang='lat' dir='ltr'>domino</span> <span class='ocrx_word' id='word_1_399' title='bbox 1635 2233 1785 2270; x_wconf 80' lang='lat' dir='ltr'>Georgio</span> <span class='ocrx_word' id='word_1_400' title='bbox 1815 2232 2019 2279; x_wconf 86' lang='lat' dir='ltr'>supradicto.</span> 
     </span>
     <span class='ocr_line' id='line_1_34' title="bbox 136 2293 2019 2340; baseline -0.001 -12"><span class='ocrx_word' id='word_1_401' title='bbox 136 2295 223 2328; x_wconf 76' lang='lat' dir='ltr'>Acta</span> <span class='ocrx_word' id='word_1_402' title='bbox 253 2298 328 2329; x_wconf 88' lang='lat' dir='ltr'>sunt</span> <span class='ocrx_word' id='word_1_403' title='bbox 359 2294 421 2329; x_wconf 89' lang='lat' dir='ltr'>bec</span> <span class='ocrx_word' id='word_1_404' title='bbox 451 2306 539 2329; x_wconf 79' lang='lat' dir='ltr'>anno</span> <span class='ocrx_word' id='word_1_405' title='bbox 568 2295 692 2329; x_wconf 89' lang='lat' dir='ltr'>domini</span> <span class='ocrx_word' id='word_1_406' title='bbox 723 2294 887 2329; x_wconf 58' lang='lat' dir='ltr'>Mffl&#39;ce</span> <span class='ocrx_word' id='word_1_407' title='bbox 909 2295 961 2328; x_wconf 82' lang='lat' dir='ltr'>‹lie</span> <span class='ocrx_word' id='word_1_408' title='bbox 985 2293 1077 2328; x_wconf 75' lang='lat' dir='ltr'>xxi.</span> <span class='ocrx_word' id='word_1_409' title='bbox 1101 2297 1225 2327; x_wconf 77' lang='lat' dir='ltr'>mensis</span> <span class='ocrx_word' id='word_1_410' title='bbox 1246 2293 1323 2328; x_wconf 80' lang='lat' dir='ltr'>Maii</span> <span class='ocrx_word' id='word_1_411' title='bbox 1346 2298 1376 2328; x_wconf 92' lang='lat' dir='ltr'>in</span> <span class='ocrx_word' id='word_1_412' title='bbox 1398 2298 1600 2329; x_wconf 84' lang='lat' dir='ltr'>consistorio</span> <span class='ocrx_word' id='word_1_413' title='bbox 1624 2294 1784 2332; x_wconf 79' lang='lat' dir='ltr'>l&#39;ragensi</span> <span class='ocrx_word' id='word_1_414' title='bbox 1807 2293 2019 2340; x_wconf 69' lang='lat' dir='ltr'>presentibus</span> 
     </span>
     <span class='ocr_line' id='line_1_35' title="bbox 136 2354 2017 2403; baseline -0.001 -13"><span class='ocrx_word' id='word_1_415' title='bbox 136 2356 292 2391; x_wconf 88' lang='lat' dir='ltr'>discretis</span> <span class='ocrx_word' id='word_1_416' title='bbox 321 2359 404 2390; x_wconf 86' lang='lat' dir='ltr'>viris</span> <span class='ocrx_word' id='word_1_417' title='bbox 433 2357 576 2391; x_wconf 90' lang='lat' dir='ltr'>dominis</span> <span class='ocrx_word' id='word_1_418' title='bbox 607 2356 761 2391; x_wconf 72' lang='lat' dir='ltr'>Nicolao.</span> <span class='ocrx_word' id='word_1_419' title='bbox 784 2356 928 2403; x_wconf 89' lang='lat' dir='ltr'>plebano</span> <span class='ocrx_word' id='word_1_420' title='bbox 959 2356 1104 2389; x_wconf 72' lang='lat' dir='ltr'>ecclesie</span> <span class='ocrx_word' id='word_1_421' title='bbox 1126 2355 1161 2388; x_wconf 77' lang='lat' dir='ltr'>S.</span> <span class='ocrx_word' id='word_1_422' title='bbox 1186 2354 1317 2389; x_wconf 76' lang='lat' dir='ltr'>Nicolai</span> <span class='ocrx_word' id='word_1_423' title='bbox 1348 2359 1380 2390; x_wconf 95' lang='lat' dir='ltr'>in</span> <span class='ocrx_word' id='word_1_424' title='bbox 1411 2355 1485 2390; x_wconf 86' lang='lat' dir='ltr'>soro</span> <span class='ocrx_word' id='word_1_425' title='bbox 1507 2356 1669 2402; x_wconf 85' lang='lat' dir='ltr'>pullorum</span> <span class='ocrx_word' id='word_1_426' title='bbox 1693 2355 1830 2399; x_wconf 78' lang='lat' dir='ltr'>Majoris</span> <span class='ocrx_word' id='word_1_427' title='bbox 1861 2357 2017 2388; x_wconf 64' lang='lat' dir='ltr'>civitatis</span> 
     </span>
     <span class='ocr_line' id='line_1_36' title="bbox 137 2416 1031 2463; baseline -0.003 -11"><span class='ocrx_word' id='word_1_428' title='bbox 137 2416 345 2452; x_wconf 76' lang='lat' dir='ltr'>VVenceslao</span> <span class='ocrx_word' id='word_1_429' title='bbox 374 2418 415 2451; x_wconf 87' lang='lat' dir='ltr'>de</span> <span class='ocrx_word' id='word_1_430' title='bbox 446 2417 566 2463; x_wconf 83' lang='lat' dir='ltr'>l&#39;raga.</span> <span class='ocrx_word' id='word_1_431' title='bbox 598 2418 736 2453; x_wconf 76' lang='lat' dir='ltr'>Andrea</span> <span class='ocrx_word' id='word_1_432' title='bbox 768 2419 808 2452; x_wconf 71' lang='lat' dir='ltr'>«le</span> <span class='ocrx_word' id='word_1_433' title='bbox 840 2418 1031 2463; x_wconf 79' lang='lat' dir='ltr'>Lompnicz.</span> 
     </span>
    </p>

    <p class='ocr_par' dir='ltr' id='par_1_4' title="bbox 131 2478 2021 2769">
     <span class='ocr_line' id='line_1_37' title="bbox 280 2478 2021 2526; baseline -0.002 -13"><span class='ocrx_word' id='word_1_434' title='bbox 280 2478 405 2513; x_wconf 87' lang='lat' dir='ltr'>lbidem</span> <span class='ocrx_word' id='word_1_435' title='bbox 423 2482 530 2513; x_wconf 90' lang='lat' dir='ltr'>eciam</span> <span class='ocrx_word' id='word_1_436' title='bbox 547 2480 696 2526; x_wconf 84' lang='lat' dir='ltr'>prel&#39;atns</span> <span class='ocrx_word' id='word_1_437' title='bbox 713 2480 866 2513; x_wconf 58' lang='lat' dir='ltr'>dominns·</span> <span class='ocrx_word' id='word_1_438' title='bbox 880 2479 1061 2515; x_wconf 57' lang='lat' dir='ltr'>Georgius.</span> <span class='ocrx_word' id='word_1_439' title='bbox 1077 2483 1260 2525; x_wconf 79' lang='lat' dir='ltr'>perpetuus</span> <span class='ocrx_word' id='word_1_440' title='bbox 1278 2483 1424 2514; x_wconf 83' lang='lat' dir='ltr'>vicarius</span> <span class='ocrx_word' id='word_1_441' title='bbox 1442 2483 1471 2513; x_wconf 93' lang='lat' dir='ltr'>in</span> <span class='ocrx_word' id='word_1_442' title='bbox 1492 2479 1684 2516; x_wconf 70' lang='lat' dir='ltr'>[⁷ngarieali</span> <span class='ocrx_word' id='word_1_443' title='bbox 1704 2478 1825 2512; x_wconf 83' lang='lat' dir='ltr'>Broda.</span> <span class='ocrx_word' id='word_1_444' title='bbox 1844 2478 2021 2511; x_wconf 70' lang='lat' dir='ltr'>consessus</span> 
     </span>
     <span class='ocr_line' id='line_1_38' title="bbox 134 2539 2020 2586; baseline -0.001 -12"><span class='ocrx_word' id='word_1_445' title='bbox 134 2543 185 2574; x_wconf 80' lang='lat' dir='ltr'>cst</span> <span class='ocrx_word' id='word_1_446' title='bbox 213 2544 245 2573; x_wconf 88' lang='lat' dir='ltr'>ct</span> <span class='ocrx_word' id='word_1_447' title='bbox 276 2543 490 2578; x_wconf 78' lang='lat' dir='ltr'>recognovit.</span> <span class='ocrx_word' id='word_1_448' title='bbox 521 2552 557 2574; x_wconf 78' lang='lat' dir='ltr'>se</span> <span class='ocrx_word' id='word_1_449' title='bbox 588 2543 694 2574; x_wconf 84' lang='lat' dir='ltr'>teneri</span> <span class='ocrx_word' id='word_1_450' title='bbox 725 2546 754 2574; x_wconf 83' lang='lat' dir='ltr'>et</span> <span class='ocrx_word' id='word_1_451' title='bbox 787 2540 951 2574; x_wconf 65' lang='lat' dir='ltr'>‹lo-bitorie</span> <span class='ocrx_word' id='word_1_452' title='bbox 981 2539 1124 2584; x_wconf 82' lang='lat' dir='ltr'>obligari</span> <span class='ocrx_word' id='word_1_453' title='bbox 1156 2543 1185 2574; x_wconf 89' lang='lat' dir='ltr'>in</span> <span class='ocrx_word' id='word_1_454' title='bbox 1208 2545 1351 2586; x_wconf 78' lang='lat' dir='ltr'>quatuor</span> <span class='ocrx_word' id='word_1_455' title='bbox 1377 2544 1561 2585; x_wconf 75' lang='lat' dir='ltr'>sexagenis</span> <span class='ocrx_word' id='word_1_456' title='bbox 1582 2551 1780 2578; x_wconf 79' lang='lat' dir='ltr'>grossorum</span> <span class='ocrx_word' id='word_1_457' title='bbox 1803 2542 2020 2585; x_wconf 75' lang='lat' dir='ltr'>pragensium</span> 
     </span>
     <span class='ocr_line' id='line_1_39' title="bbox 134 2600 2020 2647; baseline -0.002 -12"><span class='ocrx_word' id='word_1_458' title='bbox 134 2611 194 2646; x_wconf 87' lang='lat' dir='ltr'>pro</span> <span class='ocrx_word' id='word_1_459' title='bbox 222 2604 385 2647; x_wconf 78' lang='lat' dir='ltr'>expensis</span> <span class='ocrx_word' id='word_1_460' title='bbox 415 2604 445 2635; x_wconf 86' lang='lat' dir='ltr'>in</span> <span class='ocrx_word' id='word_1_461' title='bbox 478 2604 539 2635; x_wconf 71' lang='lat' dir='ltr'>viis</span> <span class='ocrx_word' id='word_1_462' title='bbox 578 2606 608 2635; x_wconf 86' lang='lat' dir='ltr'>ct</span> <span class='ocrx_word' id='word_1_463' title='bbox 649 2602 766 2635; x_wconf 85' lang='lat' dir='ltr'>litteris</span> <span class='ocrx_word' id='word_1_464' title='bbox 807 2602 901 2634; x_wconf 75' lang='lat' dir='ltr'>l‘aetis</span> <span class='ocrx_word' id='word_1_465' title='bbox 941 2601 1084 2646; x_wconf 63' lang='lat' dir='ltr'>provido</span> <span class='ocrx_word' id='word_1_466' title='bbox 1127 2604 1199 2634; x_wconf 72' lang='lat' dir='ltr'>viro</span> <span class='ocrx_word' id='word_1_467' title='bbox 1231 2605 1392 2638; x_wconf 85' lang='lat' dir='ltr'>magistro</span> <span class='ocrx_word' id='word_1_468' title='bbox 1424 2602 1580 2635; x_wconf 64' lang='lat' dir='ltr'>som-:1110</span> <span class='ocrx_word' id='word_1_469' title='bbox 1611 2601 1652 2634; x_wconf 78' lang='lat' dir='ltr'>‹t‹-</span> <span class='ocrx_word' id='word_1_470' title='bbox 1684 2600 1822 2634; x_wconf 60' lang='lat' dir='ltr'>Bran-tis.</span> <span class='ocrx_word' id='word_1_471' title='bbox 1854 2600 2020 2633; x_wconf 69' lang='lat' dir='ltr'>advocato</span> 
     </span>
     <span class='ocr_line' id='line_1_40' title="bbox 131 2661 2018 2708; baseline -0.002 -12"><span class='ocrx_word' id='word_1_472' title='bbox 131 2664 321 2696; x_wconf 88' lang='lat' dir='ltr'>consistorii</span> <span class='ocrx_word' id='word_1_473' title='bbox 354 2661 545 2706; x_wconf 74' lang='lat' dir='ltr'>l&#39;ragensis.</span> <span class='ocrx_word' id='word_1_474' title='bbox 576 2674 659 2707; x_wconf 81' lang='lat' dir='ltr'>quas</span> <span class='ocrx_word' id='word_1_475' title='bbox 689 2663 797 2696; x_wconf 85' lang='lat' dir='ltr'>eidem</span> <span class='ocrx_word' id='word_1_476' title='bbox 829 2663 965 2695; x_wconf 65' lang='lat' dir='ltr'>solvere</span> <span class='ocrx_word' id='word_1_477' title='bbox 997 2665 1161 2708; x_wconf 86' lang='lat' dir='ltr'>promisit.</span> <span class='ocrx_word' id='word_1_478' title='bbox 1195 2663 1349 2696; x_wconf 74' lang='lat' dir='ltr'>videlicet</span> <span class='ocrx_word' id='word_1_479' title='bbox 1381 2663 1463 2696; x_wconf 66' lang='lat' dir='ltr'>«luas</span> <span class='ocrx_word' id='word_1_480' title='bbox 1502 2674 1697 2699; x_wconf 67' lang='lat' dir='ltr'>sexagenas</span> <span class='ocrx_word' id='word_1_481' title='bbox 1726 2673 1837 2700; x_wconf 71' lang='lat' dir='ltr'>gross.</span> <span class='ocrx_word' id='word_1_482' title='bbox 1870 2664 1900 2694; x_wconf 83' lang='lat' dir='ltr'>&#39;m</span> <span class='ocrx_word' id='word_1_483' title='bbox 1933 2661 2018 2694; x_wconf 83' lang='lat' dir='ltr'>l&#39;esto</span> 
     </span>
     <span class='ocr_line' id='line_1_41' title="bbox 133 2721 2017 2769; baseline -0.001 -13"><span class='ocrx_word' id='word_1_484' title='bbox 133 2725 316 2757; x_wconf 76' lang='lat' dir='ltr'>nativitatis</span> <span class='ocrx_word' id='word_1_485' title='bbox 339 2722 368 2756; x_wconf 88' lang='lat' dir='ltr'>b.</span> <span class='ocrx_word' id='word_1_486' title='bbox 391 2722 497 2757; x_wconf 75' lang='lat' dir='ltr'>Mari·-</span> <span class='ocrx_word' id='word_1_487' title='bbox 529 2726 670 2767; x_wconf 67' lang='lat' dir='ltr'>virginis</span> <span class='ocrx_word' id='word_1_488' title='bbox 693 2727 846 2769; x_wconf 74' lang='lat' dir='ltr'>proxinn·</span> <span class='ocrx_word' id='word_1_489' title='bbox 871 2729 1014 2757; x_wconf 71' lang='lat' dir='ltr'>ventnro</span> <span class='ocrx_word' id='word_1_490' title='bbox 1037 2728 1064 2755; x_wconf 73' lang='lat' dir='ltr'>et</span> <span class='ocrx_word' id='word_1_491' title='bbox 1089 2723 1170 2756; x_wconf 74' lang='lat' dir='ltr'>alias</span> <span class='ocrx_word' id='word_1_492' title='bbox 1191 2723 1273 2757; x_wconf 79' lang='lat' dir='ltr'>«luas</span> <span class='ocrx_word' id='word_1_493' title='bbox 1294 2734 1487 2767; x_wconf 66' lang='lat' dir='ltr'>sexagenas</span> <span class='ocrx_word' id='word_1_494' title='bbox 1508 2734 1705 2760; x_wconf 67' lang='lat' dir='ltr'>grossorum</span> <span class='ocrx_word' id='word_1_495' title='bbox 1738 2726 1767 2756; x_wconf 90' lang='lat' dir='ltr'>in</span> <span class='ocrx_word' id='word_1_496' title='bbox 1791 2723 1876 2755; x_wconf 73' lang='lat' dir='ltr'>l&#39;esto</span> <span class='ocrx_word' id='word_1_497' title='bbox 1898 2721 2017 2767; x_wconf 85' lang='lat' dir='ltr'>purili-</span> 
     </span>
    </p>
   </div>
   <div class='ocr_carea' id='block_1_2' title="bbox 1883 2790 1914 2812">
    <p class='ocr_par' dir='ltr' id='par_1_5' title="bbox 1883 2790 1914 2812">
     <span class='ocr_line' id='line_1_42' title="bbox 1883 2790 1914 2812; baseline 0 -4"><span class='ocrx_word' id='word_1_498' title='bbox 1883 2790 1914 2812; x_wconf 65' lang='lat'>&#39;&#39;1&#39;&#39;</span> 
     </span>
    </p>
   </div>
  </div>
 </body>
</html>
