2347 3153
1183 320 1289 356 ⁴38.

294 402 421 436 Lac-eli.
452 402 605 446 Biseleof
629 413 690 434 ron
725 401 868 433 Olou'tlz.
903 399 1062 444 rerlfaust
1091 399 1164 432 dem
1186 398 1269 431 olm.
1295 398 1494 431 canonieus
1516 398 1631 431 Fran:-
1663 408 1726 430 ron
1752 397 1920 431 Geecz'tseh
1954 398 2022 441 anf
2045 397 2168 430 dessen

293 464 498 497 Leliensz-eit
529 464 595 496 111111
624 464 679 495 mil
710 462 782 495 ilem
815 460 948 493 [ΞΜ-1111·
978 461 1038 493 des
1076 458 1343 503 ll'iederlsaufes
1373 460 1436 491 das
1468 458 1567 502 Dorf
1593 457 1841 491 (Um-alhozcitz
1872 469 1923 491 11111
1956 457 2029 491 150
2054 456 2167 491 Marlr.

877 521 934 554 DI.
969 521 1113 553 Olmillz.
1143 520 1205 556 30.
1237 519 1441 564 September
1475 519 1582 553 mori.

454 591 609 645 Laczlzo
640 611 691 644 dei
721 613 836 655 gracia
868 613 1047 655 episeopus
1079 608 1316 642 Olomucensis
1346 607 1385 640 ad
1417 607 1562 640 futuram
1593 609 1641 640 rei
1671 609 1878 640 memoriam.
1923 606 2016 640 Licet
2044 605 2083 639 ad
2114 616 2166 648 ea,

294 685 357 719 qne
390 676 625 706 universorum
657 671 832 704 comodum
864 675 893 703 et
925 670 1112 715 profectum
1143 669 1292 707 tendunt.
1323 680 1404 702 cura
1436 668 1612 714 pastoralis
1642 667 1742 701 officii
1774 678 1835 701 nos
1857 670 1986 710 invitat,
2007 669 2167 713 precipue

294 740 402 768 tamen
436 735 474 767 ad
506 733 692 779 profectum
724 730 968 765 honorabilium
999 730 1138 764 fratrum
1169 734 1361 764 nostrorum
1397 757 1401 762 .
1433 756 1439 761 .
1477 731 1717 762 canonicorum
1755 728 1901 762 ecclesie
1932 727 2167 775 Olomucensis

296 801 448 829 tenemur
479 794 664 835 intendere.
696 796 842 826 maxime
872 791 925 825 ubi
956 791 996 825 de
1027 796 1141 824 nostro
1171 802 1232 824 seu
1261 790 1406 824 ecclesie
1436 795 1550 823 nostre
1586 789 1772 835 prejudicio
1802 800 1869 822 non
1898 788 2029 833 agatur.
2078 788 2168 823 Sane

297 862 443 890 nostram
481 860 511 889 et
551 855 695 888 ecclesie
731 859 845 887 nostre
884 853 998 886 villam
1030 851 1285 886 Cliwalkowicz
1325 854 1423 884 sitam
1464 862 1568 896 prope
1599 850 1760 884 Olomucz
1790 861 1850 896 per
1879 855 2013 884 nostros
2041 849 2170 896 prede-

297 929 452 951 cessores
483 916 630 963 pluribus
656 917 724 959 jam
756 915 907 948 decursis
929 913 1135 959 temporibus
1157 913 1302 946 diversis
1326 915 1480 958 personis
1500 911 1675 946 laicalibus
1697 914 1893 946 successive
1913 922 2001 945 nunc
2022 910 2170 955 obligata

298 991 383 1012 nune
413 978 472 1011 sub
504 980 727 1023 reempeionis
767 980 863 1022 pacto
893 986 954 1021 pro
991 979 1122 1008 eentum
1162 979 1194 1007 et
1232 977 1472 1019 quinquaginta
1511 976 1633 1006 marcis
1673 971 1932 1006 moravicalibus
1969 982 2169 1017 grossorum

298 1042 516 1086 pragensium
547 1038 682 1071 vendita
714 1037 784 1070 l'uit.
815 1041 845 1069 et
875 1039 949 1081 quia
981 1038 1074 1080 quasi
1105 1038 1326 1069 communiter
1357 1035 1431 1067 laici
1463 1034 1615 1068 homines
1645 1038 1675 1067 et
1697 1033 1783 1067 bona
1804 1033 1949 1067 ecclesie
1969 1032 2030 1066 sub
2051 1043 2168 1066 eorum

298 1105 462 1146 potestate
493 1098 752 1133 consistentibus
784 1097 866 1130 ultra
897 1096 1101 1141 condignum
1133 1099 1360 1129 exaccionare
1391 1100 1420 1129 et
1452 1106 1646 1139 aggravare
1675 1098 1938 1136 consueverunt,
1968 1104 2029 1128 nos
2058 1097 2168 1127 animo

299 1162 483 1195 deliberato
514 1160 656 1193 fidelium
687 1164 876 1193 misti-orum
909 1163 1038 1191 maturo
1068 1157 1251 1191 accedente
1282 1157 1433 1191 consilio.
1465 1157 1505 1190 de
1535 1155 1780 1189 honorabilium
1811 1167 1944 1201 quoque
1974 1183 1981 1189 .
2013 1182 2020 1188 .
2056 1155 2170 1189 domi-

300 1235 415 1257 norum
449 1222 587 1256 fratrum
619 1226 809 1254 nostrorum
847 1220 964 1253 decani
1005 1223 1034 1252 et
1073 1219 1205 1264 capituli
1246 1229 1410 1264 expresso
1441 1228 1622 1251 consensu.
1654 1217 1775 1250 dictam
1807 1216 1919 1250 villam
1951 1227 2025 1250 cum
2055 1218 2173 1250 annuis

301 1284 459 1318 censibus
491 1282 710 1329 proventibus
740 1279 931 1314 utilitatibus
962 1285 992 1313 ct
1024 1279 1291 1313 olwencionibu>v
1324 1282 1506 1313 universis.
1537 1290 1668 1312 necnon
1699 1278 1890 1324 specialiter
1919 1280 2010 1311 curia
2041 1276 2174 1311 alodiali

304 1345 436 1379 ibidem.
478 1344 577 1378 nicliil
616 1343 711 1376 nobis
751 1347 779 1376 et
820 1340 1076 1375 successoribus
1116 1344 1239 1374 nostris
1279 1343 1448 1386 episcopis
1479 1339 1760 1373 (ssiloniucensibus
1786 1341 1871 1384 juris
1901 1341 2114 1385 proprietatis
2143 1342 2175 1371 et

303 1408 438 1440 dominii
470 1409 501 1439 in
533 1405 648 1438 eadem
680 1408 909 1437 reservantes.
940 1402 1043 1435 berna
1074 1402 1182 1447 regali
1213 1407 1241 1435 et
1274 1414 1333 1447 pro
1364 1404 1592 1435 coronat-nme
1626 1404 1731 1435 nostri
1761 1403 1982 1434 successoris.
2013 1401 2174 1445 quociens

302 1473 330 1501 et
371 1466 504 1512 qnando
544 1466 629 1499 illam
665 1468 786 1510 imponi
824 1464 877 1497 vel
918 1466 1058 1497 evenire
1097 1466 1274 1507 eontigerit
1314 1463 1484 1497 dumtaxat
1512 1465 1676 1508 exceptis.
1717 1461 1904 1495 honorabili
1935 1461 2029 1494 fratri
2058 1464 2174 1494 nostro

304 1532 466 1573 magistro
499 1527 682 1560 Francisco
722 1530 761 1559 de
793 1524 932 1558 Gewiez
972 1527 1135 1557 canonico
1166 1525 1399 1558 (llomucensi.
1444 1528 1497 1570 qui
1536 1536 1553 1557 a
1598 1524 1707 1557 multis
1749 1525 1926 1556 retroactis
1970 1519 2174 1567 temporibus

303 1602 366 1624 non
398 1590 505 1623 solum
537 1588 644 1622 nobis.
684 1598 801 1620 verum
843 1590 949 1620 eciam
987 1586 1074 1619 bone
1119 1588 1281 1619 memorie
1321 1585 1578 1630 precessoribus
1619 1588 1740 1619 nostris
1771 1612 1777 1618 .
1811 1612 1817 1617 .
1848 1586 2016 1630 episcopis
2045 1594 2085 1617 ac
2115 1586 2176 1630 ipsi

303 1652 447 1685 ecclesie
478 1650 695 1683 Olomucensi
726 1648 866 1682 fideliler
896 1653 925 1681 et
957 1647 1128 1681 fructuose
1158 1648 1355 1680 deservivit.
1388 1651 1483 1692 prout
1514 1646 1576 1679 lioc.
1607 1649 1676 1692 ipsa
1719 1656 1829 1679 rernm
1871 1648 2029 1690 magistra
2063 1655 2176 1690 expe-

304 1715 430 1746 riencia
463 1711 592 1757 publice
624 1710 820 1743 declaravit.
851 1721 911 1755 pro
941 1709 1118 1742 antedictis
1148 1713 1281 1742 eenlum
1312 1710 1553 1753 qninquaginta
1585 1710 1705 1741 marcis
1741 1716 1951 1751 grossorum,
1982 1705 2078 1740 nobis
2107 1707 2177 1750 jam

305 1777 337 1807 in
369 1775 492 1819 paratis
524 1776 552 1804 1·1
585 1773 766 1805 numeratis
797 1773 947 1815 pecuniis
978 1770 1187 1815 integraliter
1218 1770 1410 1815 persolutis.
1443 1768 1503 1802 sub
1533 1771 1759 1813 reempcionis
1789 1768 1880 1801 titulo
1910 1767 2057 1812 legitime
2087 1777 2177 1800 ven-

305 1834 447 1867 didimus
487 1837 517 1866 et
556 1832 731 1866 vendimus
770 1843 830 1877 per
869 1836 1056 1877 presentes.
1098 1834 1167 1877 ipsa
1209 1835 1318 1863 tamen
1361 1829 1545 1876 predictam
1582 1832 1798 1875 pecuniarum
1829 1839 1956 1862 summa
1986 1827 2177 1873 aquodam

305 1895 427 1928 cliente
460 1894 613 1928 videlieet
647 1893 838 1926 llermanno
878 1893 917 1925 de
948 1891 1101 1938 Nezdyn.
1134 1892 1321 1931 vulgariter
1354 1890 1580 1925 (finiaczkone
1610 1894 1811 1936 nuncupato.
1851 1900 1910 1935 per
1939 1899 2000 1923 nos
2028 1891 2179 1935 pecuniis

305 1956 380 1989 dicti
418 1958 568 1999 magistri
602 1954 771 1987 Francisci
803 1957 953 1999 primitus
984 1958 1146 1999 reempta.
1179 1952 1339 1986 Volentes
1363 1956 1476 1998 itaque
1497 1964 1536 1985 ac
1557 1951 1770 1998 presentibus
1792 1950 1922 1996 publice
1943 1950 2179 1994 decernentes,

306 2017 392 2061 qnod
436 2016 521 2049 idem
562 2019 722 2059 inagis-ier
763 2014 961 2048 Franciscns
1001 2015 1122 2048 dictam
1167 2014 1279 2047 villam
1325 2026 1401 2047 cuin
1447 2017 1614 2048 universis
1657 2016 1725 2047 suis
1768 2014 1984 2058 pertinenciis
2026 2014 2181 2058 superius

308 2080 517 2122 expressatis
548 2080 676 2110 cnm-tis
707 2079 773 2110 1111·
804 2088 863 2109 ,5111-
894 2076 1100 2122 temporibus
1130 2080 1246 2109 tenere
1268 2080 1297 2107 et
1323 2078 1365 2108 1111
1394 2075 1511 2109 debeat
1534 2074 1660 2120 absque
1682 2077 1909 2119 cuiuscunque
1931 2073 2180 2120 impedimento.

310 2138 347 2172 Ei
383 2142 528 2184 insuper.
560 2138 645 2183 quod
679 2138 763 2171 idem
802 2140 963 2175 inaeisiei·
996 2137 1196 2170 Franciscus
1236 2135 1276 2169 de
1316 2136 1401 2169 dicta
1443 2136 1519 2170 villa
1560 2135 1669 2181 quoad
1709 2147 1871 2170 summam
1910 2135 2111 2169 antedictam
2150 2137 2182 2168 in

310 2203 376 2232 vita
424 2200 475 2231 111
522 2202 550 2232 111
597 2203 702 2232 morte
742 2210 801 2244 pro
840 2210 900 2231 suo
940 2198 1150 2244 liniaieplacito
1189 2202 1252 2230 tam
1294 2208 1353 2242 pro
1387 2197 1474 2230 cultu
1506 2197 1620 2231 (11111111
1652 2197 1841 2230 veientani
1872 2196 1966 2238 alias,
1995 2200 2093 2242 prout
2121 2194 2182 2229 sibi

310 2263 418 2294 visum
452 2260 562 2293 fuerit.
594 2271 653 2305 pro
684 2262 838 2305 personis
877 2259 1118 2293 ecelesiasticis
1156 2258 1209 2292 vel
1247 2258 1460 2292 secularilnis
1491 2258 1671 2304 disponere
1702 2261 1816 2292 testari
1846 2262 1878 2291 ct
1907 2257 2065 2291 ordinare
2094 2256 2183 2291 licite

310 2324 426 2366 possit.
460 2321 731 2354 contradiecione
762 2320 814 2353 vel
846 2320 1083 2366 impedimento
1114 2323 1344 2364 cuiuscumpie
1377 2331 1443 2353 non
1481 2319 1645 2353 obstante.
1678 2323 1797 2361 wig-ore
1827 2321 2038 2365 presencium
2070 2317 2184 2353 indul--¹

309 2393 439 2426 gennis.
501 2381 569 2414 lloe
611 2387 719 2414 tamen
759 2392 937 2426 expresso.
975 2381 1059 2426 quod
1100 2380 1194 2414 nobis
1234 2384 1263 2413 et
1306 2380 1564 2414 successor-dms
1593 2383 1715 2414 nostris
1746 2380 1854 2418 liceat,
1885 2379 1960 2413 dum
1990 2383 2023 2413 et
2051 2378 2184 2425 quando

314 2442 409 2475 nobis
440 2443 494 2475 1·1-Ι
525 2446 573 2475 eis
604 2442 775 2488 placuerit.
807 2442 925 2475 dietam
959 2442 1068 2475 111111111
1100 2453 1172 2475 cnm
1206 2444 1427 2487 pertinenciis
1457 2444 1525 2475 suis
1556 2452 1710 2475 reemere
1741 2453 1800 2487 pro
1821 2452 1949 2474 summa
1971 2442 2187 2487 pecuniarum

310 2504 487 2537 antedicta.
548 2503 582 2536 lit
625 2507 698 2548 quia
737 2506 842 2536 eciam
883 2504 989 2536 dictus
1025 2507 1186 2547 inagister
1217 2502 1420 2536 Franciseas
1451 2506 1576 2536 curiam
1609 2502 1787 2536 alodialem
1819 2502 2003 2548 predictam
2035 2501 2191 2535 incultam

312 2570 340 2596 1·1
374 2568 507 2598 inanem
540 2568 677 2599 1111·1·1111.
709 2567 750 2597 ita
782 2565 867 2609 qnod
899 2567 966 2597 suis
998 2567 1142 2610 propriis
1171 2562 1356 2609 sumptibus
1388 2566 1598 2597 instauravit.
1639 2563 1833 2596 condecens
1863 2567 1895 2596 et
1925 2567 2016 2596 reete
2046 2563 2191 2596 racionis

311 2629 435 2659 existit.
469 2631 499 2658 ut
533 2630 561 2657 1·1
595 2629 664 2671 ipse
694 2629 740 2658 ⁴sie
771 2630 997 2671 comparatam
1038 2629 1067 2658 in
1100 2637 1178 2658 115115
1208 2636 1287 2658 snos
1318 2630 1522 2657 eom-eriere
1553 2627 1667 2670 possit.
1698 2624 1737 2657 ad
1771 2623 1857 2669 qnod
1888 2626 1994 2657 eciam
2025 2633 2190 2669 expresse

315 2690 555 2720 consentimus.
615 2688 731 2720 (tunna
770 2692 798 2719 1·1
840 2687 968 2723 singula
1009 2689 1236 2732 suprascripta
1278 2697 1337 2731 pro
1382 2684 1475 2718 nobis
1514 2689 1543 2718 et
1583 2683 1838 2719 successoribus
1868 2687 1989 2718 nostris
2019 2686 2211 2730 episcopis.
