2347 3153
1285 215 1359 249 474

385 338 486 360 sanus
516 329 666 360 existens
697 329 806 358 mente
837 327 866 355 et
897 332 1053 368 corpore.
1097 321 1242 364 longeva
1277 331 1409 365 quoque
1439 318 1688 352 deliberacione
1727 320 1843 362 previa
1874 327 1913 350 ac
1942 315 2028 349 bona
2059 320 2092 349 et
2119 318 2255 361 propria

381 388 557 421 voluntate
587 390 790 432 protestatus
819 388 870 417 est
906 394 993 416 voce
1019 381 1160 427 publica.
1199 381 1287 426 quod
1319 385 1456 426 propter
1493 378 1673 412 notabilem
1715 377 1939 420 honestatemq
1970 379 2001 410 in
2032 375 2257 422 spiritualibus

381 453 413 482 et
442 446 678 493 temporalibus
709 444 919 479 manifestam
949 443 1121 477 utilitatem
1152 446 1182 475 et
1213 444 1358 475 maxime
1388 445 1525 487 propter
1547 451 1632 475 eam,
1663 433 1731 484 que
1756 442 1866 472 servis
1899 438 1950 472 dei
1980 439 2173 471 necessaria
2203 441 2255 471 est

383 513 416 542 in
446 508 578 542 Christo
609 510 781 540 caritatem
812 510 843 539 et
873 515 1003 550 pacem.
1034 505 1348 548 incorporacionem
1370 502 1515 535 ecclesie.
1544 511 1604 534 sue
1632 503 1665 533 in
1693 499 1928 533 Moraviczan.
1959 509 2024 543 que
2053 497 2174 531 dudum
2194 508 2256 544 pro

387 571 485 603 domo
521 569 624 602 Vallis
654 567 813 612 Josapbat
844 566 969 599 ordinis
1000 564 1249 598 Carthusiensis
1287 574 1392 609 prope
1433 562 1540 596 Dotan
1582 560 1818 594 olomucensis
1857 560 2003 593 diocesis
2038 559 2188 605 predicte
2218 558 2259 592 de

389 641 549 676 persuasu
580 634 611 662 et
649 638 816 661 consensu
855 625 1059 660 venerabilis
1099 624 1335 658 Olomueensis
1374 624 1519 657 ecclesie
1557 622 1702 668 capituli.
1741 626 1776 654 ut
1815 620 2043 663 asserebatur5
2074 624 2170 666 cepta
2200 618 2261 653 fuit

389 704 449 726 nee
482 697 590 725 tamen
621 691 780 735 perfecta,
820 698 1019 733 quamquam
1059 686 1268 720 reverendus
1299 689 1330 720 in
1361 684 1495 719 Christo
1534 688 1630 730 pater
1659 688 1690 717 et
1721 683 1874 716 dominus
1905 682 2058 715 dominus
2086 680 2258 715 Johannes

388 756 564 798 episcopus
594 750 871 785 Lutbomislensis
901 759 975 782 cmn
1005 750 1073 781 suis
1103 750 1231 781 cunctis
1261 747 1400 791 collegis
1430 756 1530 791 super
1560 745 1676 778 eadem
1701 747 1983 789 incorporacione
2004 746 2091 777 inter
2110 745 2258 789 priorem

387 819 417 846 et
447 817 649 846 conventum
680 812 798 845 domus
827 809 931 843 Vallis
960 808 1121 854 Josaphat
1160 808 1309 853 predicte
1339 807 1380 841 ab
1411 818 1486 840 una.
1518 811 1550 840 et
1580 806 1658 840 olim
1690 805 1923 839 honorabilem
1952 807 2062 838 virum
2092 804 2261 838 dominum

385 874 546 907 Jacobum
577 873 698 907 dictum
730 871 871 908 Bussekq
895 869 1119 904 immediatum
1142 868 1422 915 predecessorem
1445 873 1477 901 et
1506 872 1675 901 rectorem
1705 867 1793 900 dicte
1814 867 1959 900 ecclesie
1989 869 2020 899 in
2042 864 2262 900 Moraviczan

387 940 479 981 parte
508 934 549 968 ab
570 935 645 977 alia.
675 932 858 967 amicabilis
879 931 1058 965 arbitrator
1087 935 1119 964 et
1148 930 1209 964 sub
1239 934 1329 963 certa
1351 930 1472 963 vallata
1495 940 1591 975 pena.
1614 928 1771 962 videlicet
1791 932 2031 961 sexcentorum
2054 925 2259 960 ssot-enorum

387 1000 456 1030 auri
488 999 559 1042 puri
589 1001 619 1029 et
651 995 768 1039 legalis
797 994 966 1040 ponderis.
998 1003 1101 1025 verus
1131 991 1255 1025 arbiter
1285 991 1413 1024 electus
1443 990 1512 1023 fuit.
1544 995 1655 1023 tamen
1687 989 1728 1022 ad
1759 991 2093 1022 consummacionem
2123 990 2257 1033 negocii

385 1062 522 1103 propter
559 1067 715 1101 gwerras
751 1060 781 1089 et
820 1057 964 1100 pessima
1003 1055 1259 1099 oppressionum
1296 1057 1327 1085 et
1365 1052 1547 1097 spoliorum
1582 1056 1733 1096 tempora
1763 1050 1802 1083 ad
1834 1050 1988 1084 effectum
2018 1060 2084 1083 non
2114 1051 2258 1087 veneritq

386 1118 526 1152 eandem
565 1119 878 1163 incorporacionem
910 1115 1068 1148 defuncto
1098 1119 1317 1147 antecessore
1345 1124 1417 1146 suo.
1448 1113 1583 1146 domino
1613 1111 1741 1145 Jacobo
1771 1111 1951 1144 antedicto.
1982 1121 2098 1144 rursus
2127 1121 2260 1155 aggre-

387 1180 480 1213 diens
519 1179 615 1225 plene
653 1183 683 1211 et
722 1177 878 1211 benivole
916 1179 990 1210 sive
1029 1176 1136 1209 cedat.
1177 1178 1250 1208 sive
1280 1174 1432 1207 decedat.
1464 1176 1635 1207 consensit
1665 1178 1696 1206 et
1726 1175 1898 1206 consentit
1928 1171 2024 1206 bonis
2053 1171 2262 1218 persuadens

385 1239 701 1274 exhortacionibus:
741 1243 773 1272 ut
812 1241 887 1283 quia
919 1249 960 1271 ex
991 1247 1152 1271 successu
1184 1241 1371 1281 temporum
1402 1234 1622 1281 plebanorum
1655 1233 1803 1268 mutabili
1834 1234 2030 1279 frequencia
2061 1237 2093 1267 et
2122 1232 2200 1276 heu,
2232 1236 2265 1266 ut

384 1305 489 1335 eciam
521 1313 562 1335 ex
593 1300 723 1347 publica
761 1300 847 1333 fama
887 1303 1019 1333 constat
1057 1303 1088 1331 ct
1125 1300 1348 1331 communiter
1378 1307 1421 1329 ex
1452 1295 1593 1329 mirabili
1625 1300 1657 1329 et
1686 1295 1888 1329 scandaloso
1919 1297 2086 1339 regimine
2115 1298 2148 1328 et
2177 1293 2261 1327 mala

385 1363 547 1396 custodia.
587 1367 621 1395 ut
655 1360 881 1395 asserebatur.
922 1370 1079 1403 magnum
1119 1361 1149 1391 in
1189 1357 1413 1403 spiritualibus
1453 1363 1484 1390 et
1523 1356 1762 1403 temporalibus
1800 1356 1919 1390 eadem
1959 1355 2103 1390 ecclesia
2140 1360 2172 1389 et
2201 1358 2261 1389 vix

385 1423 616 1469 recuperabile
646 1422 865 1469 pne-judicium
896 1423 1085 1455 incurrerit.
1117 1423 1292 1465 presertim
1316 1431 1389 1452 cum
1412 1422 1535 1465 pastori
1559 1430 1619 1465 pro
1642 1423 1717 1452 tuuc
1748 1429 1812 1451 non
1844 1417 1885 1451 de
1917 1417 2050 1452 ovibus.
2072 1417 2130 1451 sed
2153 1419 2260 1462 magis

386 1485 426 1518 de
457 1485 529 1518 lana
561 1489 591 1517 et
623 1484 724 1517 lucris
764 1483 858 1516 malis
896 1493 975 1515 cura
1007 1481 1117 1514 suerit.
1150 1480 1234 1514 saeta
1267 1492 1309 1513 ex
1339 1491 1377 1513 ea
1408 1480 1506 1513 domo
1538 1480 1695 1513 videlieet
1725 1479 1884 1525 spelunca
1916 1478 2093 1513 latronum.
2125 1477 2166 1512 de
2195 1488 2259 1523 qua

385 1558 443 1593 per
482 1546 581 1580 multa
621 1550 769 1591 tempora
811 1556 870 1590 per
908 1543 1064 1577 l'amiliam
1104 1542 1235 1588 plebani
1277 1542 1448 1575 latrocinia
1488 1546 1518 1575 et
1559 1543 1799 1588 oppressiones
1841 1550 2027 1586 pauperum
2061 1538 2261 1584 agebantur,

384 1609 469 1641 unde
500 1612 531 1641 et
560 1607 636 1640 dicti
668 1609 860 1640 monasterii
891 1607 992 1651 priori
1015 1609 1045 1637 et
1068 1603 1224 1637 fratribus
1247 1614 1365 1647 magna
1397 1614 1470 1636 cum
1503 1605 1634 1647 magnis
1664 1602 1818 1648 dampnis
1849 1600 2029 1635 difficultas
2059 1610 2262 1634 causarum-

383 1681 446 1715 que
494 1674 525 1701 et
567 1668 768 1712 judiciorum
816 1669 1021 1712 provocacio
1067 1670 1137 1698 orta
1187 1665 1257 1698 fuit.
1306 1675 1516 1709 nequaquam
1565 1663 1722 1708 quamdiu
1771 1663 1811 1697 de
1857 1661 2091 1696 misericordia
2140 1660 2265 1695 domini

383 1735 512 1776 tempus
551 1732 681 1775 pietatis
718 1733 749 1761 ct
785 1731 876 1774 pacis
913 1727 1120 1761 conceditur.
1160 1725 1301 1759 eandem
1341 1728 1657 1771 iucorporaeionem
1703 1725 1888 1769 negligant,
1921 1725 2098 1769 presertim
2129 1733 2202 1756 cuin
2233 1726 2266 1756 et

382 1792 514 1837 quidam
545 1790 689 1824 barones
720 1792 848 1835 tyrrani
878 1792 1043 1834 potentes
1074 1788 1150 1821 licet
1180 1787 1218 1820 ad
1250 1786 1390 1820 eandem
1422 1789 1736 1832 incorporacionem
1779 1787 2016 1819 serenissimus
2047 1787 2204 1831 princeps
2233 1788 2266 1818 et

382 1853 535 1886 dominus
571 1852 722 1885 dominus
761 1850 908 1883 Jodocus
946 1848 1294 1893 Brandemburgensis
1331 1853 1363 1881 et
1400 1846 1554 1881 Moravie
1595 1846 1747 1880 marchio
1778 1851 1809 1879 et
1842 1846 1906 1880 alii.
1940 1856 2081 1891 quorum
2111 1848 2263 1888 interest,

384 1918 639 1947 consenserunt.
672 1916 731 1958 ipsi
764 1916 872 1945 tamen
899 1910 1174 1954 jurisdiccionem
1205 1908 1265 1943 sibi
1297 1914 1450 1955 potenter
1479 1911 1621 1942 nitentes
1651 1912 1825 1952 aquirere.
1858 1911 1943 1941 sicut
1973 1912 2126 1953 tempore
2152 1917 2262 1940 vaca-

386 1977 494 2008 cionis
524 1974 627 2008 semel
658 1978 688 2007 et
718 1973 767 2007 bis
791 1973 912 2006 sactum
936 1976 997 2008 est.
1019 1981 1083 2004 non
1106 1975 1399 2016 presentaverunt.
1422 1970 1480 2003 sed
1502 1972 1705 2003 intruserunt
1728 1980 1807 2003 suos
1828 1968 2050 2014 cappellanos
2080 1967 2264 2007 eorundem

380 2036 524 2069 fratrum
555 2038 646 2081 pacis
677 2034 865 2068 turbatores
895 2037 925 2066 et
957 2035 1143 2066 irritatores
1173 2035 1305 2077 quietis.
1338 2035 1378 2065 ita
1411 2036 1443 2065 ut
1473 2034 1578 2065 eciam
1616 2031 1713 2064 iidem
1755 2030 1876 2064 fratres
1912 2029 2115 2073 judiciorum
2146 2029 2267 2076 placita

376 2102 416 2129 et
451 2096 643 2129 eorumdem
683 2107 756 2129 eum
797 2095 948 2140 dampnis
993 2104 1113 2137 magna
1156 2093 1328 2139 dispendia
1373 2096 1586 2127 sustinerent.
1646 2091 1698 2125 Ad
1743 2091 1934 2125 cavendum
1983 2093 2083 2135 igitur
2125 2089 2267 2136 amplius

391 2162 478 2190 tanta
510 2162 543 2190 et
571 2157 632 2190 alia
663 2157 796 2190 diversa
828 2155 977 2201 pericula
1011 2158 1116 2188 visum
1147 2159 1196 2188 est
1213 2155 1374 2198 jamdicto
1396 2157 1557 2199 magistro
1577 2152 1733 2187 Jolianni.
1766 2161 1920 2198 pronuue
1944 2151 2099 2196 ejusdem
2121 2151 2267 2185 ecclesie

381 2219 532 2265 plebano
573 2223 603 2251 et
644 2217 790 2264 pluribus
828 2217 910 2250 aliis.
952 2219 1004 2261 qui
1045 2216 1141 2249 deum
1172 2216 1320 2260 diligunt.
1352 2221 1384 2249 ut
1414 2216 1457 2249 illi
1493 2217 1761 2260 incorporat-inni
1794 2217 1885 2259 prior
1915 2218 1947 2246 et
1977 2216 2168 2246 conventus
2193 2213 2263 2256 jam

379 2280 396 2312 d
414 2283 453 2312 iet
487 2308 492 2312 .
527 2307 531 2312 .
565 2306 571 2311 .
603 2283 757 2324 poterunt
780 2279 1034 2319 diligentissima
1067 2304 1073 2310 .
1106 2304 1112 2310 .
1145 2282 1176 2310 et
1206 2280 1280 2322 quia
1311 2277 1372 2310 soli
1404 2277 1432 2310 id
1464 2281 1513 2310 est
1536 2279 1566 2309 in
1588 2278 1743 2321 pei-sonis
1767 2277 1911 2320 propriis
1941 2273 2108 2307 ecclesias
2138 2283 2263 2319 parro-

381 2340 514 2373 chiales
545 2352 608 2373 non
641 2344 777 2386 possunt
810 2351 871 2372 nee
902 2340 1023 2372 debent
1056 2350 1178 2381 regere
1209 2339 1375 2384 corporali
1408 2338 1597 2371 residencia
1630 2364 1635 2369 .
1671 2364 1676 2369 .
1710 2363 1715 2368 .

707 2420 900 2445 tzruvtxsttiek
935 2419 986 2444 :iiis
1017 2419 1098 2450 l'=r:,
1132 2418 1323 2443 stell->iiweise
1360 2417 1513 2442 ts-tmdhast
1545 2416 1600 2441 iiiid
1627 2415 1800 2441 uiileserlieli
1827 2415 1862 2440 iiii
1890 2424 1924 2442 ,
1952 2413 2179 2445 Lnndosarctiiv,
2205 2412 2268 2442 Art,

812 2472 989 2496 Kartliiiuser
1016 2471 1040 2495 iii
1069 2470 1180 2497 Dolein.
1207 2470 1278 2497 l'mfr,
1306 2471 1349 2498 ,,
