2347 3153
1281 213 1354 246 376

382 322 473 352 vitici
503 330 542 352 na
574 318 669 352 vesle
703 330 739 351 :za
770 318 833 361 olej
866 318 885 351 l<
917 318 1023 363 lampe
1054 317 1275 350 dvamecitma
1305 319 1470 362 grosuov‚
1500 316 1688 351 sakristane
1718 330 1755 351 za
1781 319 1842 362 jeji
1871 321 1964 364 praei
1994 322 2003 353 i
2027 319 2133 353 snahu
2155 319 2251 354 deset

382 381 486 423 erest.
517 382 661 425 pannam
692 379 732 415 do
759 378 828 423 jicli
866 378 1036 412 lionventu
1076 378 1151 423 puol
1183 377 1306 423 tirivny
1336 380 1430 422 grosi
1466 389 1483 411 a
1514 383 1545 412 to
1577 378 1632 412 tak
1661 379 1792 413 donudz
1822 384 1876 413 ten
1908 380 1975 426 plat
2005 382 2113 414 staciti
2142 384 2250 415 muoi.

384 442 412 474 A
453 441 543 484 jestli
581 439 667 486 ‘Zeby
705 451 745 473 na
784 440 871 485 platu
909 451 948 472 co
987 439 1088 472 sesto.
1124 438 1200 472 take
1236 438 1303 484 aby
1341 439 1432 472 seslo
1469 450 1510 472 na
1549 439 1662 473 511121113
1701 452 1717 473 a
1748 451 1862 486 panny
1900 440 1965 486 aby
1995 443 2117 475 nictmi
2146 444 2254 488 vinny

382 501 508 547 nebyly
538 513 554 534 a
586 513 602 534 z
632 500 784 534 nieehoi.
817 500 924 545 cozby
954 512 968 533 s
998 499 1165 533 vedomim
1196 499 1297 535 sesto.
1328 503 1544 546 upominany.
1576 500 1607 533 A
1637 500 1715 535 tolio
1746 512 1786 534 na
1817 502 1968 536 svedomi
1989 501 2011 535 k
2030 506 2157 537 tomuto
2178 502 2253 537 listu

383 565 444 596 svu
475 564 572 608 pecet
602 561 789 595 lilaStersku
820 561 984 607 privesily
1014 572 1085 594 sme
1114 562 1219 594 nasim
1252 559 1392 606 dobrfi‘m
1424 561 1621 601 svedomiui,
1649 563 1727 606 jenz
1753 563 1821 606 jest
1850 562 1913 596 dan
1944 562 2007 596 leta
2034 562 2159 597 boaiho
2182 566 2255 598 tistc

384 626 469 669 ctyri
499 628 547 657 sta
578 622 699 669 patebo
729 634 772 655 ve
803 621 935 655 ctvrtek
965 634 1006 667 po
1037 624 1158 655 novem
1191 621 1266 655 lete.

697 693 787 726 (Uria,
814 694 896 725 Pei-g.
924 693 949 717 11.
976 692 1035 724 Sig,
1071 692 1248 726 aligerissen,
1274 692 1310 717 iui
1337 692 1410 719 (11111.
1436 692 1506 726 Cap.
1534 693 1681 727 Areliivei)

1270 838 1382 876 352.

388 910 664 953 Scleieaelssprnclc
703 910 762 943 des
804 909 978 943 Olmillz-er
1015 908 1201 954 Bis-choses
1240 908 1357 942 Lae-eli*
1395 909 1563 943 z-we'schen
1602 911 1675 943 dem
1706 910 1848 944 Kloster
1884 922 1911 945 s.
1942 910 2056 945 Jalrob
2093 911 2161 945 mad
2190 911 2254 945 den

390 971 548 1004 Brmlern
581 982 642 1004 rou
681 970 883 1013 Euleubnry
920 970 1097 1014 bez-iiyle'eh
1138 971 1198 1003 {les
1228 970 1427 1013 jt't'lerlieleen
1459 970 1581 1004 Ze'nses
1620 982 1682 1004 rou
1711 971 1811 1005 seclts
1842 971 1955 1005 Marlf.
2014 971 2073 1006 Dt.
2107 970 2253 1015 Olmtitz,

1140 1031 1200 1065 23.
1231 1031 1364 1065 damner
1395 1031 1506 1065 1405.

508 1100 595 1153 Nos
618 1119 750 1153 Laezlro
772 1120 823 1153 dei
846 1124 877 1153 et
897 1119 1083 1165 apostolice
1104 1119 1194 1153 sedis
1214 1121 1330 1163 gracia
1348 1122 1525 1165 episcopus
1544 1119 1779 1154 Olomucensis
1796 1120 2054 1154 notumfacimus
2075 1122 2255 1155 universis.

388 1181 484 1223 Quod
524 1181 652 1227 pridem
693 1183 724 1214 in
763 1183 868 1214 nostri
906 1183 1075 1215 constituti
1114 1183 1291 1226 presencia
1331 1180 1393 1213 deo
1430 1185 1560 1214 sacrata
1591 1181 1723 1215 domina
1755 1209 1762 1215 .
1795 1209 1801 1215 .
1859 1181 2025 1216 abbatissa
2070 1186 2257 1216 conventus

384 1242 686 1276 sanctimonialium
727 1245 921 1276 monasterii
958 1244 1065 1275 sancti
1100 1240 1218 1275 Jacobi
1257 1243 1288 1274 in
1325 1240 1483 1287 preurbio
1514 1241 1730 1276 Olomucensi
1760 1253 1804 1276 ex
1834 1253 1897 1276 una
1927 1246 1959 1277 et
1988 1241 2107 1277 nobilis
2137 1241 2257 1277 Paulus

385 1309 417 1338 et
447 1304 563 1338 Petrus
593 1304 714 1338 fratres
745 1304 785 1337 de
815 1303 997 1337 Sowinecz
1027 1302 1108 1336 alias
1147 1303 1188 1336 de
1216 1301 1414 1347 Eulcnburg
1443 1305 1578 1337 nomine
1617 1303 1757 1337 aliorum
1794 1303 1933 1338 fratrum
1971 1308 2066 1350 parte
2105 1315 2149 1338 ex
2177 1303 2254 1346 alia,

386 1369 416 1399 in
447 1377 509 1399 nos
539 1370 705 1412 tamquam
737 1369 767 1399 in
798 1364 957 1398 arbitrum
988 1363 1224 1398 arbitratorem
1261 1367 1293 1396 et
1329 1363 1534 1398 laudatorem
1570 1375 1672 1410 super
1711 1364 1865 1399 omnibus
1904 1369 1937 1398 et
1965 1365 2106 1409 singulis
2135 1363 2258 1408 litibus,

386 1430 641 1471 controversiis
673 1426 949 1470 dissensionilnis·‚
981 1425 1213 1471 questionibus
1243 1431 1342 1472 atque
1372 1428 1482 1459 causis
1512 1428 1693 1459 occasione
1723 1437 1884 1459 censuum
1915 1429 2122 1459 retentorum
2152 1436 2258 1471 usque

388 1490 486 1523 inodo
517 1492 614 1522 motis
653 1493 683 1521 et
715 1488 894 1532 ventilatis,
925 1498 1056 1521 necnon
1088 1498 1190 1533 super
1219 1486 1374 1521 omnibus
1412 1491 1442 1520 et
1472 1486 1613 1531 singulis
1652 1486 1890 1532 displicenciiS.
1929 1486 2092 1533 dampnis„
2132 1488 2260 1521 iniuriis

387 1556 417 1584 et
439 1553 609 1596 expensis,
641 1561 705 1595 que
736 1560 836 1583 causa
866 1552 1107 1595 premissorum
1145 1553 1177 1583 et
1205 1559 1320 1582 eorum
1351 1550 1532 1582 occasione
1563 1547 1715 1581 fecerunt
1745 1551 1776 1581 et
1805 1550 2035 1582 sustinuerunt
2063 1547 2105 1581 de
2133 1547 2199 1582 alto
2228 1551 2261 1581 et

388 1612 499 1646 basso.
540 1610 753 1645 concorditer
789 1613 1104 1655 compromiserunn
1142 1609 1259 1643 dantes
1298 1614 1329 1643 et
1359 1608 1587 1643 concedentes
1616 1607 1712 1642 nobis
1742 1607 1868 1642 arbitro
1897 1608 2029 1654 plenam
2059 1612 2093 1642 et
2120 1607 2260 1642 liberam

387 1678 585 1720 potestatem
617 1675 647 1706 in
690 1674 865 1718 premissis
903 1671 1160 1718 pronunciandi„
1198 1670 1394 1705 diffiniendi.
1433 1670 1586 1704 laudandi
1625 1669 1806 1703 arbitrandi
1846 1674 1876 1703 et
1917 1669 2133 1704 decernendi.
2190 1667 2261 1703 Nos

388 1746 471 1769 vero
511 1734 630 1768 auditis
667 1736 813 1779 ipsorum
853 1736 1003 1778 parcium
1044 1732 1187 1777 juribus
1231 1732 1353 1766 Christi
1396 1734 1530 1765 nomine
1574 1734 1731 1765 invocato
1774 1731 2007 1765 ordinavimus
2049 1730 2260 1765 laudavimus

388 1795 605 1829 dil'linivimus
636 1799 665 1827 et
697 1798 994 1841 pronunciavimus
1024 1797 1104 1840 ipsis
1134 1793 1284 1840 partibus
1313 1791 1607 1827 consencientibus
1636 1795 1667 1825 in
1708 1791 1795 1825 bunc
1826 1791 1972 1825 modum.
2030 1791 2141 1826 Primo
2170 1790 2259 1837 quod

388 1860 447 1902 ipsi
478 1856 596 1890 Paulus
627 1861 658 1889 et
695 1856 810 1889 l'etrus
848 1855 973 1890 fratres
1009 1856 1049 1889 de
1089 1855 1271 1889 Sowinecz
1301 1859 1333 1888 et
1369 1857 1474 1887 eciam
1514 1856 1649 1887 nomine
1686 1853 1826 1887 aliorum
1864 1864 2001 1887 suorum
2040 1852 2180 1886 fratrum
2217 1851 2258 1886 de

388 1919 568 1951 Sowineez
621 1917 797 1951 deodicate
836 1928 875 1950 ac
925 1917 1067 1951 honeste
1105 1916 1240 1950 domine
1279 1914 1446 1949 abbatisse
1486 1919 1518 1948 et
1556 1917 1737 1948 conventui
1780 1916 1974 1948 monasterii
2004 1916 2110 1948 sancti
2140 1912 2258 1947 Jacobi

389 1979 525 2025 predicti
557 1978 677 2012 debent
708 1983 739 2011 et¹
770 1978 973 2012 tenebuntur
1003 1978 1084 2011 dare
1115 1977 1250 2011 tradere
1280 1981 1312 2010 et
1341 1987 1506 2010 censuare
1536 1975 1678 2020 singulis
1708 1978 1803 2009 aunis
1824 1986 1885 2009 sex
1907 1985 2039 2009 marcas
2059 1984 2258 2020 grossorum

389 2043 458 2073 xeri
490 2043 640 2085 perpetui
681 2051 802 2073 census
833 2042 940 2073 miuus
979 2050 1044 2072 uno
1075 2038 1206 2072 fertone
1237 2041 1269 2072 in
1300 2040 1450 2072 terminis
1490 2037 1654 2083 deputatis
1690 2036 1873 2070 secundum
1903 2036 2074 2070 literarum
2114 2035 2260 2082 desuper

389 2102 539 2134 datarum
571 2103 816 2134 continenciam
848 2105 879 2133 et
909 2105 1072 2134 tenorem.
1122 2100 1203 2133 ltem
1244 2099 1376 2133 domina
1415 2098 1582 2133 abbatissa
1616 2102 1647 2131 et
1677 2102 1864 2131 conventus
1895 2099 2088 2131 monasterii
2119 2095 2260 2143 predicti

390 2162 430 2194 de
461 2161 617 2195 censibus
649 2165 787 2195 retentis
817 2166 916 2207 atque
947 2161 1110 2207 dampnis,
1141 2172 1275 2206 quoquo
1306 2160 1404 2194 modo
1434 2162 1616 2193 occasione
1645 2162 1885 2204 premissorum
1916 2160 2110 2201 contractis⁷
2135 2167 2261 2203 super—

390 2223 510 2256 sedere
541 2223 662 2256 debent
692 2235 765 2256 cum
797 2223 928 2256 etl'cctu.
970 2225 1011 2256 ita
1052 2227 1174 2265 tamen,
1212 2221 1298 2267 quod
1340 2221 1458 2254 Paulus
1497 2225 1526 2253 et
1559 2219 1675 2253 Petrus
1715 2220 1837 2253 l'ratres
1876 2219 1916 2252 de
1955 2218 2138 2253 Sowinecz
2176 2217 2262 2252 infra

392 2284 477 2317 bunc
518 2289 545 2315 et
585 2288 842 2330 carnisprivium
881 2287 1034 2330 proxime
1074 2288 1252 2317 venturum
1294 2283 1458 2316 inclusive
1498 2282 1625 2315 literam
1664 2293 1785 2314 nm'am
1825 2280 1885 2314 sub
1925 2283 2069 2326 propriis
2098 2279 2262 2313 dictorum

392 2346 528 2378 l'ratrnm
562 2347 600 2379 111-
632 2346 814 2379 Sowinecz
853 2351 883 2378 et
914 2349 1014 2379 certis
1052 2345 1285 2378 lidi-iussorum
1325 2343 1453 2388 sigillis,
1494 2354 1595 2388 super
1633 2342 1729 2375 dictis
1764 2341 1921 2375 censibus
1959 2343 2090 2383 annuis,
2128 2339 2262 2374 domine

392 2406 558 2440 abbatisse
590 2413 616 2438 et
651 2410 830 2440 conventui
862 2407 938 2440 dicti
970 2409 1177 2448 momisteriiq,
1209 2406 1249 2439 de
1279 2417 1341 2451 qua
1373 2407 1441 2450 ipsa
1479 2404 1610 2437 domina
1650 2402 1817 2436 abbatissa
1857 2406 1889 2435 ct
1918 2405 2107 2436 conventus
2135 2404 2263 2434 starent

393 2469 581 2500 1111111111111111·
612 2472 768 2502 contenti.
801 2468 1002 2501 tenclnnitnr
1032 2467 1172 2500 lideliter
1203 2467 1366 2500 roborare
1396 2467 1484 2498 omni
1514 2467 1653 2497 accione
1683 2463 1956 2497 contrznliccione
1981 2462 2109 2506 judicio
2135 2465 2167 2495 et
2187 2460 2263 2494 dolo

394 2529 608 2574 proculmotis
639 2529 698 2561 sub
739 2541 822 2574 pena
862 2532 1095 2562 reintrusionis
1135 2528 1198 2561 late
1228 2530 1414 2561 sentencie.
1472 2526 1505 2559 ln
1543 2537 1635 2559 casu.
1671 2537 1736 2570 quo
1775 2524 1893 2558 l‘anlus
1932 2528 1964 2557 et¹
1994 2523 2110 2556 Petrus
2141 2522 2263 2556 fratres

396 2589 532 2634 predicti
574 2590 700 2622 literam
742 2602 862 2623 innam
903 2590 1035 2623 11111111111·
1075 2589 1243 2622 abbatissc
1283 2593 1311 2620 et
1353 2590 1533 2621 conventui
1571 2591 1603 2619 nt
1641 2588 1841 2631 premittitur
1884 2588 2048 2619 innovare
2078 2585 2262 2626 renuerint,

396 2655 519 2683 extunc
551 2662 690 2696 presens
723 2656 833 2684 nostra
867 2653 1106 2696 promum-iacio
1137 2650 1256 2683 nullius
1287 2649 1418 2682 roboris
1449 2648 1611 2681 firmitatis
1649 2659 1723 2679 esse
1764 2646 1885 2679 debeat
1914 2650 1945 2678 ct
1977 2646 2145 2679 momenti,
2194 2642 2265 2677 Hiis

398 2723 460 2743 non
493 2710 698 2743 otwtanutae
730 2712 859 2744 domina
891 2711 1057 2744 abbatissa
1089 2716 1117 2743 et
1150 2714 1338 2744 conventus
1369 2710 1444 2742 dicti
1476 2711 1667 2742 monasterii
1700 2712 1852 2752 poterunt
1875 2711 1904 2739 et
1928 2705 2095 2740 delwbunt
2115 2704 2266 2749 singulos
