2347 3153
1009 245 1056 280 39

91 350 222 385 ralitate
251 350 410 384 donasset
440 352 557 384 intuitu
587 352 740 396 pietatis;
771 349 903 383 tandem
934 350 1041 384 dictus
1067 353 1257 397 episcopus,
1289 354 1379 384 circa
1408 362 1469 384 vos
1508 351 1669 396 dirigens,
1700 356 1840 397 paterne
1870 352 1972 386 beni-

89 414 227 459 gnitatis
256 411 411 445 affectum
451 411 602 456 diligenti
639 410 888 445 deliberacione
911 411 1085 457 prehabita
1116 411 1214 446 vobis
1253 412 1422 446 ordinaria
1453 415 1652 446 auctoritate
1682 418 1911 457 concesserat,
1943 418 1977 447 iit

91 474 212 508 dictam
242 473 420 507 ecclesiam
453 478 530 507 tunc
561 477 751 515 vacantem,
791 475 885 506 cuius
914 472 1056 507 collacio
1095 473 1135 507 ad
1172 484 1247 507 euin
1284 478 1511 520 spectaverat,
1543 485 1617 507 cum
1643 473 1775 518 jin-ibus
1805 479 1835 508 et
1867 477 1976 520 pei-ii-

93 537 222 570 nenciis
251 537 321 568 suis
350 537 380 568 in
413 538 546 568 vestros
575 544 655 568 usus
683 536 839 580 proprios
869 537 1017 568 retinere
1038 537 1196 581 possetis,
1227 534 1383 580 deputata
1404 534 1445 568 de
1465 534 1687 581 proventibus
1708 538 1811 581 ipsius
1831 535 1977 569 ecclesie

95 598 226 631 vicario
254 595 376 630 ibidem
407 600 572 641 perpetuo
600 598 770 629 servituro
800 606 861 641 pro
890 598 1142 630 sustentacione
1172 607 1231 630 sua
1263 600 1293 630 et
1315 595 1563 642 episcopalibus
1589 595 1720 641 jiiribiis
1741 597 1977 642 persolvendis

94 662 126 692 et
155 657 391 704 supportandis
434 659 506 690 eius
549 659 719 691 consuetis
760 656 920 690 oneribus
962 667 1114 702 congrua
1153 660 1316 704 porcione
1351 657 1501 703 prefatus
1539 657 1778 703 predecessor.
1817 658 1904 703 quod
1935 657 1975 692 ab

94 718 221 754 eisdem
260 729 344 764 rege
383 722 414 752 et
459 721 619 764 episcopo
663 729 765 764 super
806 721 979 764 premissis
1019 721 1071 764 pie
1107 729 1147 751 ac
1184 718 1327 764 provide
1363 718 1487 752 factum
1518 723 1602 754 erat.
1640 723 1746 752 ratiim
1778 723 1808 752 et
1841 718 1970 753 sirmam

95 779 222 815 habens
251 791 316 814 non
347 779 514 816 obstante.
544 779 631 825 quod
661 779 701 813 ad
732 778 796 813 lioc
825 789 985 813 assensus
1007 779 1242 813 Olomiiceiisis
1263 780 1396 826 capituli
1418 782 1555 814 minime
1576 783 1820 814 intervenerat.
1850 785 1974 814 aucto-

94 844 192 877 ritate
221 841 406 888 apostolica
436 852 497 887 per
525 852 604 875 suas
633 844 716 875 certi
753 844 879 875 tenoris
917 841 1031 875 literas
1068 840 1282 874 confirmavit
1320 845 1351 874 et
1381 843 1488 874 eciam
1519 844 1761 875 communivit:
1792 846 1824 875 et.
1854 841 1974 875 deinde

94 914 155 950 pei·
183 913 245 938 nos
273 907 462 948 acceptam,
505 903 594 948 quod
636 901 804 936 abbatissa
842 906 876 936 et
913 906 1102 936 conventus
1139 902 1290 948 predicte
1326 902 1537 948 postmodnm
1577 902 1761 948 predictam
1792 903 1976 936 ecclesiam

96 963 285 999 huiusmodi
315 964 512 998 donacionis
542 966 774 998 concessionis
803 962 1076 998 confirmacionis
1105 968 1137 997 et
1167 966 1446 997 communicionis
1475 966 1597 1008 vigore
1626 968 1783 997 asseeiite
1813 975 1886 998 eam
1917 975 1977 1010 pei·

95 1025 216 1060 multos
244 1036 352 1060 annos
382 1021 559 1060 tenuerant
589 1030 619 1059 et
650 1024 871 1070 possederant
910 1024 1049 1071 pacifice
1086 1029 1119 1058 et
1156 1028 1288 1070 quiete3
1325 1025 1481 1070 quodque
1514 1025 1727 1071 postmodum
1758 1037 1831 1059 eiiiii
1863 1036 1976 1071 quon-

93 1087 168 1122 dam
196 1086 372 1122 Jobannes
401 1087 508 1121 dictus
545 1086 676 1121 Hanko.
716 1086 880 1133 prefatam
911 1086 1089 1120 ecclesian}
1122 1091 1199 1120 tunc
1228 1097 1364 1131 regens.
1406 1091 1575 1120 assereret
1607 1098 1644 1120 se
1674 1090 1704 1120 iii
1735 1086 1883 1133 partibus
1914 1087 1977 1120 illis

92 1148 292 1185 beneficium
322 1149 588 1183 ecclesiasticum
620 1160 694 1182 cuni
726 1160 805 1182 cura
826 1148 880 1182 vel
910 1151 982 1181 sine
1002 1159 1095 1191 cura,
1118 1158 1245 1181 vacans
1265 1152 1319 1181 aut
1341 1152 1552 1187 vacaturum,
1583 1151 1782 1182 auctoritate
1803 1148 1975 1182 literarum

93 1210 353 1258 aposioticarum
384 1209 445 1244 sibi
475 1221 715 1244 concessarum
746 1213 931 1256 expectare
961 1209 1149 1254 dictamque
1188 1208 1368 1243 ecclesiam
1400 1213 1477 1242 tunc
1506 1212 1687 1243 vacavisse
1717 1214 1749 1243 et
1777 1208 1838 1243 sub
1859 1212 1975 1253 gracia

93 1283 152 1307 sua
182 1271 424 1318 comprehendi
455 1282 555 1318 posse
584 1276 614 1304 et
654 1282 727 1305 eain
768 1270 956 1304 liuiusmodi
991 1270 1163 1305 literarum
1200 1274 1230 1303 et
1261 1272 1378 1315 gracie
1408 1273 1530 1315 vigore
1560 1275 1758 1316 acceptasse
1789 1275 1819 1303 et
1851 1271 1892 1304 de
1923 1270 1975 1304 illa

93 1334 157 1370 sibi
186 1337 359 1381 provisum
391 1336 554 1370 extitisse,
586 1333 704 1366 eadem
735 1331 902 1366 abbatissa
933 1335 963 1365 et
995 1335 1183 1365 conventus
1213 1342 1257 1365 ex
1287 1334 1390 1365 certis
1414 1334 1524 1365 causis
1554 1335 1810 1370 consenserant,
1841 1336 1874 1365 ut
1905 1334 1976 1377 ipse

94 1394 268 1430 Johannes
297 1395 438 1429 eandem
469 1394 650 1428 ecclesiam
689 1394 728 1426 ad
759 1404 853 1427 suani
885 1395 985 1427 vitam
1025 1395 1056 1427 in
1093 1393 1220 1426 titulum
1256 1395 1423 1439 reciperet
1463 1397 1495 1426 et
1526 1397 1666 1427 teneret.
1697 1395 1777 1439 ipsis
1807 1392 1977 1427 abbatisse

94 1462 127 1492 et
155 1459 336 1492 conventui
365 1467 409 1490 ex
439 1467 478 1489 ea
508 1460 634 1490 certam
666 1458 862 1501 pensionem
893 1455 1032 1500 singulis
1053 1457 1148 1489 annis
1171 1457 1388 1497 ministraret,
1418 1459 1514 1500 proiit
1547 1457 1654 1488 eciam
1686 1454 1772 1488 ideiii
1803 1453 1977 1488 Joliannes

92 1521 196 1565 ipsam
235 1517 416 1552 ecclesiam
455 1522 630 1551 assecutus
669 1528 742 1550 eaiii
782 1528 842 1563 per
877 1527 975 1562 quain
1006 1516 1118 1562 plures
1147 1527 1253 1550 annos
1293 1519 1323 1549 iii
1364 1515 1489 1549 titulum
1521 1520 1673 1549 tenuerat
1705 1520 1734 1549 et
1766 1516 1976 1562 possederat.

92 1583 190 1627 prout
219 1578 355 1614 tenebat
384 1584 415 1613 et
446 1567 651 1625 possidebat.v
682 1578 757 1611 duni
788 1582 905 1616 afferet
945 1580 976 1611 in
1016 1577 1179 1612 liunianis.
1219 1577 1356 1623 prefatis
1387 1576 1559 1610 abbatisse
1589 1582 1621 1610 et
1651 1580 1834 1611 conventui
1864 1588 1908 1610 ex
1938 1588 1976 1610 ea

91 1641 234 1687 singulis
271 1643 366 1675 annis
410 1639 598 1673 huiusmodi
642 1642 839 1685 pensionem
883 1650 1026 1672 annuam
1068 1639 1287 1673 ministrando
1327 1643 1357 1672 et
1397 1650 1498 1685 siipei·
1536 1638 1599 1672 lioc
1629 1650 1646 1672 a
1677 1638 1759 1672 sede
1789 1638 1976 1684 apostolica

91 1702 252 1749 quasdam
283 1701 555 1736 confirmacionis
591 1703 666 1735 sive
695 1712 785 1734 nove
828 1703 1031 1746 provisionis
1079 1700 1193 1734 literas
1241 1700 1416 1734 dicebatur
1463 1703 1681 1745 impetrasse:
1728 1712 1766 1733 ae
1811 1711 1870 1745 per
1918 1710 1978 1733 iios

94 1766 200 1798 eciam
243 1767 399 1809 accepto,
443 1762 529 1808 quod
573 1774 590 1795 a
634 1762 801 1796 nonnullis
844 1760 1061 1795 asserebatur
1109 1766 1173 1796 tani
1218 1766 1357 1808 propter
1403 1763 1567 1807 premissa
1615 1772 1713 1806 quam
1762 1764 1868 1794 eciam
1917 1772 1977 1806 pro

94 1836 148 1869 eo,
178 1824 264 1871 quod
295 1824 382 1858 idem
413 1822 598 1857 Joliannes.
629 1822 704 1856 duni
739 1825 835 1865 vixit,
866 1827 981 1856 noster
1010 1827 1041 1856 et
1079 1823 1169 1856 sedis
1208 1822 1393 1868 apostolice
1432 1822 1625 1868 capellanus
1663 1825 1833 1857 extiterat.
1876 1833 1978 1867 super

95 1886 182 1920 dicta
218 1886 362 1920 ecclesia
403 1890 475 1931 post
511 1895 644 1918 cessum
691 1884 745 1917 vel
789 1884 965 1917 decessum
997 1887 1098 1929 ipsius
1136 1883 1300 1918 Jolianiiis
1336 1887 1424 1929 ipsas
1460 1883 1662 1917 abbatissam
1701 1888 1731 1917 et
1771 1888 1975 1917 conventum

96 1947 266 1982 molestari
296 1947 351 1980 vel
381 1946 533 1993 impediri
564 1957 683 1992 posse:
715 1958 776 1980 iios
808 1950 896 1979 motii
928 1947 1076 1991 proprio,
1098 1956 1163 1978 iioii
1193 1945 1232 1978 ad
1264 1948 1411 1990 ipsarum
1442 1944 1609 1979 abbatisse
1640 1950 1671 1978 et
1701 1949 1891 1978 conventus
1923 1944 1975 1977 vel

93 2009 232 2043 alterius
261 2019 322 2054 pro
350 2010 400 2042 eis
430 2007 525 2041 nobis
556 2019 659 2054 snper
688 2007 751 2041 lioc
781 2007 891 2040 oblate
922 2009 1097 2052 peticionis
1127 2009 1337 2042 instanciam.
1368 2007 1425 2040 sed
1458 2007 1498 2040 de
1530 2018 1620 2040 mera
1643 2011 1755 2040 nostra
1778 2005 1976 2039 liberalitate

92 2072 291 2105 auctoritate
307 2069 491 2116 apostolica
509 2069 635 2103 eisdem
653 2068 823 2103 abbatisse
853 2073 883 2101 et
916 2071 1098 2101 conventui
1129 2068 1338 2102 indulsimus.
1371 2072 1401 2101 iit
1423 2068 1566 2101 cedente
1597 2067 1650 2101 vel
1681 2067 1867 2101 decedente
1889 2067 1976 2099 dieto

92 2131 248 2166 Johanne
277 2131 332 2165 vel
361 2131 443 2164 alias
472 2130 722 2176 quomodolibet
763 2130 883 2164 dietam
923 2129 1102 2163 eecli-siaiu
1139 2129 1323 2163 dimittente
1362 2129 1476 2163 liceret
1513 2131 1593 2175 ipsis
1624 2129 1765 2162 eandem
1797 2128 1976 2161 eeclesiam

93 2197 127 2227 et
145 2195 218 2226 eius
237 2195 488 2238 possessionem
519 2195 720 2226 auctoritate
747 2195 893 2238 propria.
925 2191 1064 2224 alienius
1093 2202 1195 2236 super
1225 2190 1288 2224 lioe
1310 2190 1449 2224 licencia
1482 2193 1616 2223 iiiiiiiiiie
1647 2192 1817 2234 requisita.
1849 2200 1977 2234 appre-

96 2253 245 2289 hender-e
275 2257 308 2287 et
336 2256 367 2287 in
399 2265 477 2288 usus
506 2265 586 2287 suos
616 2258 780 2300 perpetuo
810 2256 956 2287 retinere
986 2264 1024 2285 ac
1056 2251 1183 2285 sructiis
1205 2252 1352 2285 redditus
1382 2256 1411 2284 et
1443 2256 1629 2298 proventus
1651 2251 1801 2284 eiusdem
1833 2250 1978 2284 ecclesie

95 2317 128 2349 in
157 2317 451 2361 supportacionein
482 2326 622 2349 onerum
654 2317 733 2361 ipsis
763 2319 795 2347 et
815 2314 922 2347 eidem
947 2315 1151 2347 iiioiiiisterio
1182 2312 1452 2347 inciiiiibeiiciiiiii
1475 2313 1635 2358 deputare
1665 2315 1695 2344 et
1726 2322 1839 2345 ciiraiii
1872 2322 1978 2356 paro-

94 2375 291 2410 chianorum
323 2378 426 2422 ipsius
463 2387 523 2422 pei·
562 2376 702 2410 idoneos
737 2375 934 2409 sacerdotes
973 2386 1032 2420 pei·
1071 2373 1273 2407 abbatissam
1314 2374 1464 2407 eiusdem
1496 2375 1703 2407 iiioiiasteiii.
1736 2384 1794 2418 pro
1826 2377 1977 2418 tempore

92 2440 295 2472 existentem
338 2437 522 2477 dumtaxat,
566 2441 598 2471 et
640 2437 679 2470 ad
719 2440 790 2470 eius
831 2442 942 2470 iiiitiiiii
984 2436 1158 2481 ponendos
1198 2439 1229 2468 et
1268 2436 1478 2469 amovendos
1519 2438 1589 2471 ree-i
1623 2435 1748 2468 faeere.
1780 2445 1883 2479 sapei·
1913 2433 1976 2466 lio(-

91 2499 262 2533 diocesani
294 2498 357 2532 loci
397 2510 456 2544 pro
486 2503 638 2544 tempore
676 2501 854 2532 existentis
893 2509 951 2531 seii
991 2495 1167 2530 cuiuslibet
1206 2497 1343 2530 alterius
1381 2498 1519 2530 licencia
1561 2496 1613 2529 vel
1645 2507 1812 2529 eoiiseiisii
1845 2498 1978 2528 iiiiiiiiiie

91 2562 274 2606 acquisitis.
306 2559 352 2594 lta
383 2565 506 2595 taiiieii.
536 2561 623 2605 qnod
656 2563 686 2593 iii
717 2560 802 2593 dii-ta
834 2560 978 2592 eeclesia
1010 2558 1242 2591 ili-serviretur
1272 2557 1481 2591 laudabiliter
1511 2561 1540 2590 iii
1572 2557 1693 2590 divinis
1724 2561 1753 2588 et
1788 2556 1975 2590 litiitisiiiodi

95 2631 156 2668 pro
185 2627 337 2667 tempore
367 2633 446 2654 eura
478 2621 657 2658 ‹littei-nter
686 2625 920 2654 exerceretur.
952 2619 1108 2665 qnodque
1140 2619 1269 2664 prefate
1300 2619 1468 2652 abbatissa
1499 2624 1526 2650 et
1551 2623 1741 2652 eonii-ntus
1771 2618 1975 2663 episcopalia

94 2683 170 2726 jura
200 2682 336 2716 solvere
366 2687 394 2713 et
427 2682 488 2715 alia
519 2681 627 2715 eidem
658 2682 805 2715 eecli-sie
836 2680 1066 2714 ini·iitiil)i·tii·lii
1098 2690 1200 2712 onera
1231 2685 1390 2713 consueta
1423 2684 1618 2712 tenerentur
1647 2679 1859 2718 integraliter
1892 2690 1977 2723 sup-

101 2748 247 2789 portare.
279 2742 442 2776 Voliiiiiiis
472 2745 578 2776 eciaiii
609 2747 639 2774 ei
671 2743 819 2788 predicta
851 2741 1034 2787 apostoliea
1072 2745 1270 2775 anctoritate
1309 2741 1535 2774 decrevimus.
1571 2741 1656 2785 qnod
1688 2743 1713 2773 si
1746 2751 1804 2785 pei·
1835 2751 1895 2773 iios
1927 2740 1978 2772 vel
