2347 3153
0 1538 18 1631 ⁸³¹⁴.
0 1495 9 1504 ι

1034 242 1082 275 99

118 360 195 384 meo
223 349 264 384 H.
295 349 336 383 de
366 348 534 383 Mezericz
573 348 700 394 pridem
740 350 947 393 comparavi.
991 350 1084 380 cuius
1128 356 1256 379 summa
1301 345 1411 379 totalis
1453 350 1502 378 est
1547 348 1687 391 septima
1733 347 1840 378 minus
1884 356 1996 378 marca

117 420 330 456 grossorum.
359 409 573 444 medietatem
605 409 689 442 illius
718 403 847 442 summe
877 408 953 442 dent
986 408 1119 454 prefato
1159 407 1294 441 domino
1325 406 1474 440 llenrico
1504 412 1534 440 et
1565 410 1636 440 eius
1666 405 1935 440 successoribus.
1967 411 1997 439 ut

116 473 301 518 principem
332 475 422 504 terre
452 473 483 504 in
515 475 583 503 toto
613 469 756 503 evadant
789 474 819 503 et
852 469 1064 502 medietatem
1094 468 1259 514 capellani
1283 471 1345 502 inei
1367 472 1570 501 conservent
1594 478 1653 513 pro
1676 470 1822 512 ipsorum
1845 466 1997 500 utilitate.

118 531 171 567 De
198 531 277 566 villa
305 536 415 565 autem
446 530 606 565 Grilwicz
637 531 768 565 solvant
799 542 961 564 summam
993 530 1133 564 duarum
1167 540 1355 563 marcarum
1387 529 1449 562 soli
1479 528 1643 574 capellani
1675 531 1705 562 in
1727 527 1874 561 Brunna.
1902 533 1999 574 prout

118 596 170 628 est
198 597 395 627 consuetum
426 591 467 625 ab
497 595 643 637 antiquo.
675 590 832 626 Ceterum
863 595 968 625 eciam
1000 591 1081 625 volo
1113 595 1143 625 et
1174 594 1360 635 signanter.
1382 590 1468 636 quod
1496 590 1604 624 incole
1625 594 1656 623 et
1678 589 1831 623 homines
1852 592 1998 634 ipsarum

117 653 272 688 villarum
301 653 482 688 censuales
511 656 682 698 utriusque
711 664 814 687 sexus
850 656 1003 697 graciam
1046 663 1064 685 a
1104 663 1156 686 ine
1195 652 1339 686 habeant
1377 651 1571 698 specialem.
1601 650 1720 696 quibus
1750 650 1882 696 quidem
1914 662 1998 696 pre-

118 714 268 749 sentibus
296 714 338 749 do
367 719 398 748 et
429 714 581 748 concedo
608 717 766 759 graciose
794 713 933 748 liberam
964 718 1167 760 potestatem
1207 725 1341 747 exnunc
1379 718 1409 747 et
1445 716 1691 759 inperpetuum.
1722 712 1808 758 quod
1840 715 1912 758 ipsi,
1944 715 1998 756 qui

118 780 237 813 carent
264 775 338 810 filiis
367 780 399 809 et
429 775 569 809 filiabus.
600 778 725 821 possint
757 780 788 809 et
818 775 954 809 valeant
986 775 1027 809 de
1067 774 1163 809 bonis
1201 780 1233 808 et
1263 774 1365 809 rebus
1402 777 1472 809 suis
1501 774 1583 808 dare
1613 774 1729 810 legare
1758 779 1787 807 et
1819 773 2000 819 disponere

118 839 151 872 in
179 837 291 872 ultima
322 839 372 870 sui
402 836 575 870 voluntate
603 847 664 883 pro
693 839 904 870 ornamentis
934 837 1158 870 altat-istarum
1189 848 1339 870 meorum
1371 841 1401 870 et
1432 846 1497 869 non
1528 835 1567 869 ad
1593 835 1675 869 alias
1696 835 1860 869 ecclesias
1891 846 1998 880 quas-

118 910 263 944 cunque.
292 909 335 933 ne
363 904 436 944 post
468 902 610 932 mortem
639 900 786 944 ipsorum
817 897 903 931 bona
932 909 994 944 per
1023 908 1083 932 eos
1115 898 1274 931 derelicta
1311 897 1351 931 ad
1391 897 1583 943 capellanos
1623 907 1716 930 meos
1747 895 1997 941 quomodolibet

119 959 359 1001 devolvantur,
388 965 420 994 ut
451 959 572 994 ibidem
603 962 709 993 eciam
740 963 900 993 memoria
931 960 1042 993 talium
1083 959 1258 993 habeatur.
1307 958 1345 992 Et
1377 962 1404 992 si
1433 958 1520 992 idem
1552 957 1761 991 decesserint
1793 960 1937 991 intestati
1968 962 1999 990 et

118 1032 185 1056 uon
214 1020 441 1068 disposuerint
471 1021 511 1054 de
542 1020 636 1054 bonis
658 1025 687 1053 et
712 1019 812 1054 rebus
832 1031 949 1054 corum
971 1021 1154 1055 derelictis.
1177 1025 1254 1054 tunc
1275 1023 1534 1066 propinquiores
1556 1030 1672 1052 eorum
1694 1022 1791 1052 amici
1815 1019 1995 1053 naturales.

119 1085 146 1117 si
175 1085 282 1117 eciam
312 1082 434 1116 fuerint
465 1082 550 1115 tales
580 1082 620 1114 1111
651 1085 699 1116 eis
737 1086 834 1115 antea
874 1083 984 1115 divisi.
1027 1085 1056 1115 in
1093 1084 1161 1116 suis
1201 1080 1473 1128 possessionibus
1513 1080 1608 1114 bonis
1638 1085 1669 1113 et
1700 1079 1799 1113 rebus
1830 1080 1998 1114 derelictis

118 1143 307 1178 succedere
336 1146 461 1189 possint
493 1155 530 1175 ae
557 1144 634 1186 jure
665 1143 799 1177 valeant
840 1148 870 1176 et
909 1146 982 1176 sine
1019 1143 1258 1189 impedimento
1297 1143 1473 1189 possidere
1504 1153 1653 1175 incorum
1685 1142 1935 1188 capellanorum
1967 1145 1998 1176 in

119 1204 275 1240 futurum.
305 1208 347 1238 ita
378 1204 466 1250 quod
499 1205 711 1238 medietatem
743 1205 872 1238 illorum
903 1204 1067 1238 bonorum
1099 1205 1174 1238 dent
1205 1216 1266 1250 pro
1296 1207 1502 1238 ornamentis
1533 1203 1757 1237 altaristarurn
1789 1215 1939 1236 meorum
1971 1209 2003 1237 et,

118 1265 332 1302 medietatem
374 1277 435 1312 pro
478 1278 514 1300 se
558 1265 701 1299 habeant
741 1271 771 1298 et
810 1270 839 1299 in
879 1265 1006 1300 eisdem
1047 1266 1216 1300 resideant
1255 1277 1315 1311 per
1354 1276 1475 1298 annum
1515 1269 1546 1298 et
1577 1265 1662 1298 diem
1694 1264 1876 1297 secundum
1908 1276 1998 1298 cou-

118 1327 329 1362 suetudinem
373 1327 502 1361 illarum
548 1327 702 1361 villarum
742 1332 771 1360 et
812 1338 877 1361 non
917 1332 1013 1362 extra
1051 1328 1148 1361 villas
1184 1330 1214 1360 in
1254 1326 1349 1360 lionis
1387 1326 1525 1360 alterius
1555 1326 1678 1359 domini
1709 1328 1938 1371 cuiuscunque
1971 1331 2003 1359 et

119 1388 244 1424 faciant
275 1390 353 1434 jura
391 1388 520 1423 laicalia
551 1389 704 1422 villarum
735 1389 773 1422 ad
806 1392 910 1422 instar
940 1391 1044 1435 ipsius
1074 1391 1207 1424 mortni.
1231 1391 1282 1422 cui
1313 1388 1497 1422 succedunt
1528 1392 1558 1421 et
1589 1392 1660 1434 post
1693 1397 1813 1420 annum
1845 1392 1874 1419 et
1898 1387 1997 1421 diem.

119 1452 148 1484 si
176 1453 225 1484 eis
254 1453 383 1484 mansio
413 1449 534 1484 ibidem
565 1450 729 1496 displicet.
761 1450 896 1483 easdem
927 1453 1166 1495 possessiones
1204 1449 1352 1483 vendant
1389 1450 1484 1483 alteri
1525 1449 1659 1483 idoneo.
1691 1451 1744 1494 qui
1785 1451 1844 1482 erit
1882 1448 2002 1482 habilis

120 1515 154 1545 et
176 1512 323 1546 ‘idoneus
352 1514 433 1557 ipsis
461 1510 644 1557 capellanis
674 1516 703 1543 et
735 1514 841 1544 eciam
874 1511 1017 1544 villanis.
1075 1511 1148 1552 Que
1186 1514 1297 1545 omnia
1329 1515 1358 1544 ct
1389 1511 1519 1555 singula
1550 1513 1705 1556 superius
1735 1515 1897 1556 concepta
1929 1515 1999 1543 rata

118 1562 216 1619 grata
245 1583 284 1607 ac
314 1571 407 1606 firma
438 1571 564 1606 babere
593 1572 672 1606 voto
703 1578 732 1605 et
765 1576 995 1618 inperpetuum
1026 1584 1239 1618 permanere.
1271 1572 1463 1618 supplicans
1494 1571 1685 1605 reverendo
1707 1574 1737 1605 in
1760 1571 1894 1605 Christo
1916 1575 2002 1617 patri

120 1638 155 1667 et
181 1633 316 1668 domino
345 1644 421 1668 meo
450 1633 585 1667 domino
614 1632 757 1667 Jobanni
789 1637 949 1679 episcopo
980 1634 1195 1667 olomucensi
1229 1639 1258 1667 et
1290 1645 1350 1667 suo
1380 1636 1509 1667 vicario
1540 1636 1570 1666 in
1602 1632 1828 1679 spiritualibus
1850 1633 2000 1677 generali

120 1693 301 1734 humiliter,
338 1699 504 1741 quatenus
543 1695 656 1728 divine
694 1695 929 1728 retribucionis
965 1698 1080 1728 intuitu
1118 1694 1275 1740 dignetur
1313 1696 1353 1729 de
1392 1698 1507 1739 gracia
1538 1694 1675 1740 speciali
1707 1694 1875 1740 predictas
1907 1706 2001 1727 ineas

67 1767 69 1770 ⁴
119 1747 268 1803 capellas
296 1759 371 1791 sive
399 1756 551 1791 altarium
592 1756 828 1791 fundacionem
865 1756 1077 1790 dotacionem
1117 1761 1149 1789 et
1188 1759 1402 1790 creacioncm
1438 1759 1637 1789 auctoritate
1674 1755 1832 1802 pastorali
1864 1758 2000 1800 erigere

120 1822 154 1851 et
181 1817 371 1864 approbare
408 1823 508 1866 atquc
545 1823 614 1852 rata
652 1823 682 1852 el
721 1823 817 1863 grata
858 1817 983 1851 babere
1023 1821 1192 1863 ipsiusque
1232 1818 1413 1851 reverendi
1453 1821 1555 1864 patris
1585 1817 1701 1851 literis.
1733 1821 1828 1862 prout
1860 1817 1899 1849 ad
1931 1819 2002 1849 eius

119 1883 250 1925 spectat
277 1874 568 1925 officiunijatque
597 1883 628 1913 in
659 1880 710 1913 dei
741 1882 877 1913 nomine
907 1882 1097 1923 graciosius
1127 1879 1338 1913 confirmare.
1399 1878 1482 1913 Nam
1514 1882 1639 1912 virtute
1669 1881 1882 1924 presencium
1914 1889 2001 1923 pro-

120 1942 215 1975 mitto
243 1939 308 1975 fide
337 1951 410 1975 mea
441 1940 539 1975 bona.
570 1941 706 1976 casdem
737 1941 834 1975 villas
866 1953 938 1973 mee
969 1940 1178 1974 l'undacionis
1208 1940 1376 1974 antedictis·
1406 1941 1446 1974 de
1476 1952 1644 1974 consensu
1676 1940 1810 1974 illustris
1840 1942 1999 1985 principis

78 2033 83 2037 .
121 2005 156 2035 et
182 2001 307 2036 domini
337 2005 401 2036 mei
430 2005 578 2047 graciosi
609 2002 814 2036 marchionis
844 2001 999 2035 Moravie
1028 2004 1183 2035 senioris.
1205 2014 1303 2047 quam
1332 2006 1473 2048 primum
1504 2002 1574 2035 lieri
1606 2004 1738 2048 poterit.
1762 2000 1879 2034 tabulis
1912 2005 2001 2033 terre

121 2065 296 2110 imponere
324 2067 357 2097 et
385 2063 521 2097 realiter
553 2063 686 2100 singula
708 2062 895 2097 intabulare
919 2062 1045 2107 absque
1075 2066 1195 2108 quavis
1224 2064 1399 2097 dilacione.
1433 2063 1556 2097 llaruni
1585 2062 1703 2108 quilius
1724 2062 1867 2099 simitum
1892 2073 1999 2095 meum

120 2126 291 2171 proprium
321 2135 385 2158 una
415 2135 489 2158 cum
519 2124 630 2169 sigillo
669 2124 792 2158 domini
830 2123 958 2157 Nicolai
999 2117 1130 2169 plebani
1168 2127 1198 2158 in
1228 2125 1370 2159 Tassaw
1401 2125 1442 2157 de
1472 2130 1563 2158 certa
1600 2126 1747 2157 sciencia
1786 2121 1996 2169 presentibus

121 2189 197 2220 sunt
224 2195 374 2232 appensa
404 2188 595 2219 testimonio
625 2186 806 2219 literarum.
839 2185 957 2218 Datum
988 2184 1131 2218 Tassaw
1164 2188 1194 2219 in
1226 2189 1417 2219 municione
1448 2198 1519 2219 mea
1551 2196 1638 2218 anno
1668 2185 1791 2217 domiui
1823 2183 1998 2216 millesimo

121 2244 456 2292 quadringentesimo
486 2249 605 2292 primo.
637 2246 719 2280 seria
751 2250 854 2280 tercia
886 2249 1037 2292 proxima
1069 2251 1141 2292 post
1174 2246 1293 2281 festum
1324 2247 1502 2293 epiphanie
1533 2247 1655 2280 domiui
1679 2248 1781 2279 nostri
1806 2245 1996 2277 salvatoris.

435 2317 509 2343 (Aue
534 2317 583 2343 der
601 2317 939 2351 Bostaticungsnrkunde
964 2317 1012 2341 de-
1039 2317 1112 2344 ¹tlni.
1131 2317 1280 2344 Bianti->svn
1297 2318 1413 2343 Jolizinn
1432 2318 1497 2347 cluo,
1518 2319 1563 2344 1Γ1.
1582 2318 1691 2342 dimuni-
1715 2318 1787 2341 11⁴¹!
1812 2317 1869 2343 vinl.
1891 2325 1915 2340 n.
1938 2317 1998 2349 ”⁴¹2¹

1023 2464 1097 2499 3⁴.

124 2532 200 2569 Der
232 2533 406 2569 Olmnlzer
437 2533 588 2578 Biscleof
616 2534 752 2567 dolorum
791 2534 954 2577 beslnliyl
998 2536 1052 2566 die
1092 2534 1277 2578 (irmeduny
1308 2536 1432 2568 serviet·
1463 2534 1588 2568 Allare
1622 2535 1652 2565 itt
1683 2534 1744 2565 der·
1775 2532 2000 2577 ''sarrs-’irem’

622 2607 661 2628 zu
695 2595 840 2629 Tnsmu.
876 2595 931 2628 ln.
965 2595 1106 2628 Melum.
1142 2595 1198 2629 15.
1229 2595 1362 2629 Jaimeer
1395 2595 1503 2629 mol.

274 2653 471 2708 «lohannes
501 2679 565 2707 etc.
597 2678 764 2708 universis
793 2675 832 2708 ad
863 2687 946 2720 quos
977 2678 1152 2720 presentes
1182 2677 1397 2720 pervenerint
1429 2674 1568 2707 salutem
1601 2677 1629 2706 in
1661 2673 1724 2706 deo
1745 2675 1995 2717 sempnernmn.

123 2732 253 2770 meras
282 2737 314 2769 in
343 2746 550 2781 pergameno
580 2738 721 2781 scriptas
751 2747 852 2781 super
882 2736 1119 2769 111111111-111111-111
1148 2734 1348 2768 fundacione
1373 2736 1512 2768 duorum
1534 2734 1698 2767 altarium.
1721 2736 1816 2767 unius
1838 2732 1991 2765 videlieet

1849 2801 1890 2824 15'1'
