2347 3153
0 2317 9 2827 -v—v—-r-
0 2287 2 2297 „‚

1054 180 1127 214 395

154 287 302 332 religiosi
343 288 405 319 viri
445 286 568 319 domini
611 285 773 319 Bernardi
813 285 941 319 abbatis
980 287 1172 319 monasterii
1202 282 1514 317 Zawordinicensis
1549 283 1675 317 ordinis
1705 282 2026 317 Premonstratensis

155 347 243 382 dicte
272 346 420 381 diocesis
451 346 697 381 relaxarentur.
739 346 823 379 sacta
855 351 885 379 et
917 349 947 380 in
977 348 1112 392 scriptis
1141 345 1299 379 exhibitis
1329 350 1359 378 et
1391 345 1572 391 productis.
1631 344 1780 386 Quorum
1811 345 2024 378 articulorum

156 414 253 443 tenor
281 411 431 453 sequitur
469 412 500 440 et
540 411 588 440 est
629 407 712 440 talis.
770 406 810 441 Ut
849 418 910 440 vos
949 406 1140 440 reverende
1170 411 1266 452 pater
1299 406 1452 440 dominos
1483 405 1656 439 Nicolaum
1687 405 1822 440 t‘otack.
1855 405 2026 439 Nicolaum

156 469 365 516 Waygelini.
396 467 551 513 Egidium
583 472 614 500 et
635 467 861 501 Christianum
892 468 932 501 de
963 467 1096 501 Brunna
1129 467 1348 513 presbyteros
1370 467 1605 500 ()lomucensis
1635 467 1780 500 diocesis
1809 466 1850 500 ali
1880 478 2027 500 excom-

153 532 395 564 municacionis
438 531 620 562 sentenciis
663 540 701 561 ae
745 532 839 574 penis
879 534 909 562 et
950 532 1102 562 censuris
1138 529 1222 564 aliis,
1263 532 1294 562 in
1335 531 1425 575 ipsos
1455 539 1514 574 per
1544 527 1709 573 quendam
1741 527 1937 561 Sulikonem
1968 539 2028 574 pro

157 590 292 625 officiali
332 590 550 625 Olomucensi
593 601 629 624 se
671 594 847 634 gerentem
891 590 931 623 ad
972 593 1166 623 instanciam
1216 590 1364 634 religiosi
1408 592 1471 623 viri
1515 590 1637 623 domini
1677 588 1863 622 Bernliardi
1900 588 2028 622 abbatis

155 651 467 685 Zawordinicensis
497 650 647 695 ejusdem
678 650 824 684 diocesis
864 655 894 684 ut
925 651 1046 684 dicitur
1076 651 1161 686 latis.
1193 651 1232 684 ad
1264 650 1427 684 cautelam
1457 649 1653 686 absolvatis.
1684 654 1784 695 atque
1815 650 2025 683 interdictum

154 716 185 747 in
215 712 310 755 locis,
340 712 381 746 ad
411 723 477 757 qne
506 715 597 758 ipsos
626 711 796 745 declinare
827 715 1050 755 contingeret.
1081 715 1222 758 positum
1245 712 1406 745 relaxetis
1435 723 1474 745 ac
1504 711 1587 744 alias
1616 711 1655 744 ad
1687 722 1819 745 omnem
1852 711 2024 745 meliorem

154 772 252 808 finem
281 777 313 807 et
343 773 510 807 effectum.
542 775 573 806 in
599 783 664 818 quo
694 772 723 806 id
755 772 964 818 presbyteris·
995 773 1157 819 prodesse
1187 778 1219 807 et
1240 773 1374 806 domino
1396 771 1570 806 Bernardo
1591 772 1700 806 abbati
1723 772 1882 818 predictis
1903 772 2025 807 obesse

152 839 183 869 et
213 845 339 869 nocere
369 837 502 881 poterit,
533 838 732 880 procurator
761 838 790 867 et
819 837 1051 880 procuratorio
1082 837 1215 868 nomine
1245 834 1407 867 dictorum
1438 833 1716 880 prosbyterorum
1747 834 1824 868 dicit
1846 839 1876 867 et
1907 838 2027 868 asserit

152 900 184 929 et
212 898 303 942 ponit
341 906 380 929 ac
417 898 506 929 circa
546 894 784 941 probat-ionem
822 894 1025 941 superfluam
1065 895 1210 941 probare
1247 895 1382 929 intendit
1414 906 1465 937 ea,
1500 906 1564 940 que
1593 899 1788 940 sequuntur.
1847 895 1881 929 ln
1912 898 2026 941 primis

152 967 296 1003 namque
326 959 416 1003 ponit
446 961 478 990 et
511 955 657 1002 probare
687 956 837 990 intendit.
868 956 954 1001 quod
978 961 1132 989 vertente
1153 955 1274 989 dudum
1298 956 1354 989 lite
1375 960 1404 989 et
1427 967 1527 989 causa
1550 967 1663 989 coram
1686 956 1762 989 Vito
1783 956 1824 989 de
1845 956 2025 1002 Lompnicz

153 1020 260 1065 primo
298 1021 330 1051 et
368 1017 488 1051 deinde
524 1027 638 1050 coram
677 1016 796 1050 eodem
837 1016 971 1050 domino
1006 1016 1168 1050 Sulikone
1206 1022 1338 1051 asserto
1376 1017 1510 1051 officiali
1550 1020 1636 1051 inter
1673 1017 1893 1064 presbyteros
1922 1018 1964 1051 de
1994 1023 2025 1051 et

152 1089 256 1126 super
284 1078 480 1124 quibusdam
512 1080 640 1122 injuriis
678 1077 872 1111 verbalibus
909 1082 941 1111 et
973 1081 1118 1124 ipsorum
1157 1081 1338 1112 occasione
1369 1078 1517 1124 partibus
1547 1090 1590 1112 ex
1620 1079 1723 1112 altera
1754 1079 1840 1112 idem
1871 1079 2024 1113 dominus

153 1138 270 1174 Sutitio
301 1139 456 1174 officiatis
476 1144 626 1173 assertus
655 1139 709 1172 die
736 1138 865 1173 decima
896 1150 982 1172 nona
1014 1142 1138 1173 mensis
1169 1139 1367 1174 Decembris
1397 1142 1472 1173 anni
1504 1139 1627 1174 domini
1659 1140 1821 1173 millesimi
1861 1140 2024 1185 quadrin-

152 1204 331 1246 gentesimi
365 1203 460 1247 primi
504 1212 564 1246 per
605 1211 698 1234 suam
742 1200 840 1234 talem
880 1200 1010 1245 qualem
1050 1212 1147 1245 quam
1187 1200 1395 1234 diffinitivam
1433 1201 1611 1247 appellavit
1648 1204 1854 1235 sentenciam
1885 1201 2022 1235 eosdem

151 1262 374 1309 presbyteros
403 1262 491 1296 dicto
521 1261 656 1295 domino
686 1260 795 1294 abbati
826 1264 856 1294 in
878 1265 1116 1306 quinquaginta
1148 1261 1284 1295 florenis
1314 1265 1384 1295 auri
1416 1264 1487 1308 puri
1517 1273 1556 1295 ac
1587 1265 1617 1295 in
1648 1265 1808 1308 expensis
1838 1262 1901 1296 litis
1931 1274 2021 1296 con-

152 1324 359 1370 dempnavit,
402 1326 556 1369 quamvis
593 1322 726 1356 nulliter
763 1327 794 1355 et
835 1323 875 1356 de
915 1323 1002 1356 lacto
1042 1323 1093 1356 vel
1133 1323 1249 1356 saltem
1289 1323 1422 1356 nulliter
1459 1327 1489 1356 et
1530 1325 1662 1367 injuste.
1696 1323 1774 1357 ltem
1806 1323 1892 1368 quod
1925 1323 2021 1357 iidem

153 1384 343 1431 presbyteri
381 1395 399 1418 a
438 1387 610 1418 sentencia
649 1383 768 1417 eadem
809 1386 962 1417 unanima
994 1396 1079 1416 voce
1118 1384 1157 1417 ad
1196 1383 1302 1418 l'elicis
1333 1384 1584 1418 recordacionis
1615 1385 1782 1418 dominum
1815 1384 2022 1419 Bonifacium

132 1456 270 1492 ,papam
302 1456 424 1480 nonum
456 1449 486 1479 et
516 1450 664 1479 sanctam
695 1445 809 1478 sedem
845 1445 1061 1490 apostolicam
1101 1445 1309 1491 appellarunt
1339 1450 1369 1478 et
1400 1457 1535 1479 causam
1566 1445 1804 1492 appellacionis
1835 1445 2023 1490 hujusmodi

153 1510 184 1540 et
217 1509 319 1553 ipsius
340 1509 473 1551 negocii
495 1506 684 1552 principalis
705 1505 890 1539 venerabili
921 1511 950 1538 et
973 1509 1216 1552 circumspecto
1235 1509 1308 1539 viro
1325 1506 1459 1540 domino
1474 1506 1620 1541 Jotianni
1637 1506 1810 1540 Gaezkow
1839 1508 2023 1541 coanilitori

152 1572 267 1602 vestro
296 1567 381 1601 infra
411 1572 543 1614 tempus
573 1566 718 1600 debitum
749 1570 908 1600 committi
939 1566 1164 1600 obtinuerunt.
1196 1566 1276 1600 ltem
1307 1568 1393 1612 qnod
1424 1568 1531 1601 dietus
1560 1568 1712 1602 dominns
1742 1568 1859 1601 Suliko
1889 1574 1961 1614 post
1992 1574 2022 1601 et

151 1632 266 1663 contra
309 1628 573 1675 appellucionem
613 1627 753 1661 eandem
797 1630 828 1662 in
867 1627 1020 1661 dominos
1058 1627 1231 1661 Nicolaum
1271 1627 1405 1662 l'olack.
1437 1627 1609 1662 Nicolaum
1641 1629 1836 1675 Waygelini
1867 1629 2020 1670 Egidium

151 1694 183 1723 et
217 1688 442 1724 Christianum
473 1689 679 1735 appellantes
709 1689 878 1734 predictos
913 1692 1279 1722 excommunicacionis
1310 1693 1339 1722 et
1362 1689 1516 1723 diversas
1541 1690 1625 1723 alias
1654 1695 1685 1723 et
1716 1702 1819 1736 penas
1857 1702 2020 1724 censuras

151 1750 402 1785 ecclesiasticas
432 1750 618 1784 fulminavit
655 1755 754 1796 atque
785 1753 869 1784 loca.
907 1750 945 1783 ad
977 1761 1041 1795 que
1071 1753 1160 1795 ipsos
1191 1750 1363 1784 declinare
1393 1753 1616 1795 contingeret.
1648 1751 1880 1785 ecclesiastico
1911 1754 2021 1785 inter-

152 1813 241 1846 dicto
270 1814 442 1858 supposuit
480 1814 634 1857 quamvis
663 1811 795 1845 nulliter
825 1816 855 1844 et
886 1811 926 1844 ‹le
958 1811 1044 1844 sacto
1075 1816 1104 1843 et
1137 1814 1177 1844 ita
1210 1811 1267 1844 suit
1297 1816 1328 1844 et
1359 1816 1405 1846 est
1440 1823 1571 1846 verum.
1630 1812 1709 1846 ltem
1741 1812 1826 1857 qimd
1859 1815 2020 1858 premissa

150 1875 261 1907 omnia
291 1878 323 1907 et
353 1873 483 1917 singula
507 1873 650 1908 fuerunt.
683 1877 775 1906 erant
807 1877 836 1905 et
868 1878 942 1906 sunt
975 1884 1055 1906 vera
1086 1885 1124 1905 ae
1160 1873 1200 1905 de
1230 1876 1278 1906 eis
1300 1873 1453 1907 omnibns
1483 1878 1512 1906 et
1544 1874 1685 1913 singulis
1716 1873 1783 1907 suit.
1815 1878 1885 1906 erat
1917 1878 1946 1905 et
1970 1878 2016 1906 est

151 1933 280 1980 publica
310 1945 378 1968 vox
418 1939 449 1967 et
489 1934 587 1967 sama.
646 1936 758 1976 Quare
788 1945 862 1967 cum
903 1933 1063 1967 bonarum
1100 1936 1265 1966 mencium
1296 1937 1348 1969 sit.
1379 1934 1507 1980 culpam
1540 1938 1669 1968 timere.
1701 1933 1753 1967 ubi
1785 1939 1893 1967 tamen
1925 1933 2019 1979 eulpa

150 2005 216 2028 non
245 1999 307 2030 est.
338 1997 416 2041 petit
456 1994 563 2028 dictas
602 1999 802 2041 procurator
840 1998 972 2028 nomine
1009 2006 1074 2039 quo
1104 2005 1216 2039 supra.
1247 2006 1283 2028 sc
1314 1997 1343 2028 in
1374 2006 1536 2040 personas
1567 1994 1694 2029 Nieolai
1728 1994 1860 2028 l'olaek.
1892 1994 2019 2028 Nicolai

151 2055 347 2102 VVaygc-lini
377 2067 416 2089 nc
447 2055 554 2094 Emesa
585 2061 616 2089 et
647 2056 827 2090 Christiani
867 2057 1075 2089 dominorum
1107 2066 1242 2088 snorum
1274 2056 1499 2102 predictorum
1530 2061 1560 2089 et
1592 2057 1727 2089 eosdem
1759 2057 1911 2089 dominos
1941 2067 2020 2089 snos

150 2121 181 2151 in
211 2128 392 2164 personam
423 2120 537 2163 ipsius.
569 2117 609 2151 nli
640 2117 828 2161 hujusmodi
859 2121 1024 2163 preti-usis
1055 2116 1467 2150 excommunieaeionilms
1497 2129 1534 2150 ae
1566 2121 1660 2163 penis·
1690 2122 1718 2149 et
1751 2120 1903 2150 eensuris
1933 2117 2016 2152 ntus,

150 2181 181 2212 in
220 2189 281 2212 eos
318 2189 379 2225 per
417 2179 538 2212 dictum
582 2178 750 2212 dominnm
791 2178 999 2212 Sulikonem.
1045 2182 1075 2210 nt
1116 2180 1327 2222 premittitur.
1368 2178 1559 2212 fulminatis.
1597 2178 1635 2211 ad
1677 2178 1838 2211 cautelam
1876 2177 2018 2211 absolvi.

152 2250 283 2274 necnon
314 2240 524 2273 interdictum
565 2244 784 2273 memoratum
826 2240 983 2272 relaxari.
1024 2239 1170 2272 offerens
1209 2251 1245 2271 se
1285 2244 1432 2285 paratum
1471 2240 1511 2273 de
1541 2240 1658 2273 stando
1691 2241 1756 2282 juri
1788 2251 1826 2271 ac
1857 2239 2018 2272 inandatis

149 2304 265 2334 sancte
303 2304 418 2334 matris
453 2300 598 2334 ecclesie
637 2305 667 2333 et
709 2303 831 2333 vestris
866 2305 964 2344 atque
995 2302 1190 2333 caucium-m
1220 2300 1317 2333 aliani
1348 2312 1582 2346 quiante-unque
1611 2300 1753 2333 ‹li-lutam
1786 2304 1946 2344 prestare.
1978 2298 2018 2332 lit

150 2363 313 2407 premissa
343 2364 454 2394 omnin
485 2366 517 2394 et
546 2362 676 2402 singula
707 2362 796 2395 dicit.
828 2364 918 2407 petit.
951 2365 1060 2393 narrat
1093 2365 1123 2392 et
1155 2364 1291 2405 requirit
1313 2361 1419 2395 dietus
1441 2366 1639 2407 procurator
1661 2372 1793 2394 nomine
1823 2371 1887 2405 quo
1917 2371 2016 2405 supra

149 2422 353 2466 conjunctim
397 2425 503 2455 eciam
549 2422 680 2456 divisim
724 2434 762 2455 ne
798 2422 878 2455 alias
918 2420 1071 2453 ominbus
1111 2420 1303 2455 melioribus
1343 2422 1441 2455 modo
1471 2427 1500 2454 et
1533 2422 1652 2455 forma.
1683 2421 1802 2466 quilius·
1832 2424 1908 2466 peti.
1940 2421 2014 2453 ilii-i.

150 2485 274 2527 requiri
312 2486 343 2515 et
382 2486 510 2516 narrari
551 2487 687 2529 possunt
724 2487 754 2515 et
793 2482 925 2515 delient.
968 2487 1114 2514 vestrum
1155 2484 1289 2527 iusuper
1329 2481 1507 2522 benignum
1539 2482 1683 2515 ostii-ium
1715 2493 1815 2527 super
1845 2484 2016 2526 premissis

149 2541 303 2576 omnibns
332 2547 363 2575 et
393 2544 534 2585 singulis
556 2543 723 2577 humiliter
745 2543 963 2588 implorando.
995 2542 1089 2574 salvo
1120 2541 1179 2575 silu
1206 2543 1282 2585 jure
1313 2543 1467 2576 addendi.
1499 2543 1657 2576 imitandi.
1691 2542 1870 2576 minuendi.
1903 2553 2016 2575 vorri-

149 2604 263 2647 gendi.
294 2603 485 2637 declarandi
516 2609 547 2636 et
577 2609 703 2638 cetera.
735 2610 766 2637 ut
798 2604 854 2637 suit
876 2609 906 2635 et
938 2609 985 2635 est
1018 2606 1131 2636 moris.
1161 2608 1259 2648 atque
1280 2603 1343 2636 suti
1365 2607 1451 2636 sacri
1482 2603 1653 2648 apostolici
1685 2614 1860 2635 causarum
1885 2603 2014 2647 palacii.

150 2663 219 2698 Nos
259 2668 401 2698 instante
437 2670 467 2696 et
509 2670 642 2711 petente
681 2665 811 2711 prefato
851 2670 1010 2702 mninstro
1043 2663 1223 2696 wiltu-tna·
1263 2669 1482 2709 procuratore
1522 2669 1716 2700 maun-'trum
1756 2664 1945 2697 counradum
1976 2663 2016 2695 ile

1864 2731 1909 2751 fa.-
