2347 3153
1042 180 1116 215 339

142 288 309 329 volentes,
353 293 385 322 ut
427 287 598 334 predictus
633 298 767 322 census.
811 287 930 321 domus
969 290 1001 320 et
1039 285 1166 320 reditus
1202 288 1288 318 inter
1325 285 1407 318 alias
1446 295 1500 318 res
1538 284 1727 330 spirituales
1767 288 2012 330 computentur.

141 349 262 384 Datum
292 353 323 383 et
358 353 468 383 actum
497 348 633 383 Brunne
671 347 732 383 sub
767 359 854 382 anno
891 347 1015 382 domini
1051 346 1227 380 millesimo
1264 346 1598 391 quadringentesimo
1628 348 1742 391 quinto
1772 349 1803 379 in
1833 345 1885 378 die
1917 348 2014 390 puri-—

141 410 313 446 ficacionis
341 415 458 445 sancte
487 409 594 444 Marie
624 412 777 455 virginis,
807 414 922 443 nostro
951 407 1064 453 sigillo
1092 406 1319 453 subappenso.

453 482 547 515 (tn-ig,
573 482 655 513 vei-g,
681 481 729 507 init
754 480 820 507 anli.
846 486 906 513 gut.
931 479 1035 508 orbati,
1061 478 1120 511 sig.
1146 479 1182 504 ini
1209 479 1338 504 Briiniier
1363 477 1559 503 Stadtarehiv.
1585 477 1642 511 Sig.
1670 476 1719 506 ΧΥ,
1746 477 1768 504 l.
1795 479 1858 508 til.)

1028 624 1137 661 358.

143 695 294 742 Bisclms
311 696 428 731 Lacelt
458 708 520 731 sou
545 697 679 730 Oltm'llz·
708 696 851 741 spendel
881 697 979 729 einen
1001 694 1268 730 Smedenablass
1285 698 1345 740 sm·
1375 696 1438 728 das
1459 693 1805 738 Awastinert-luster
1826 694 1857 725 ιή
1883 691 2013 726 Ιίνιίἰιη.

757 757 814 791 ΠΙ.
846 757 1008 792 Maurus.
1039 757 1072 791 4.
1104 756 1264 791 Febr-um·
1296 755 1406 790 1705.

265 817 423 872 Laczko
453 838 505 872 dei
535 843 565 872 et
595 837 781 884 apostolice
809 837 899 870 sedis
928 839 1044 881 gracia
1074 839 1253 882 episcopus
1284 835 1518 870 Olomucensis
1548 836 1715 868 universis
1745 831 2016 866 christifidelibus

140 898 282 934 salutem
311 901 344 933 in
374 898 509 933 domino
538 901 790 944 sempiternam.
822 897 876 932 Ad
907 897 1020 932 divine
1041 897 1149 932 laudis
1169 895 1366 942 obsequium
1388 900 1580 930 sanctorum
1603 894 1740 928 basilice
1761 897 2014 935 construuntur,

141 964 177 994 ut
205 962 237 994 in
265 962 327 1003 eis,
357 971 422 1006 que
451 959 571 999 domus
600 962 769 993 oracionis
799 961 959 993 existunt.
997 958 1156 1003 sutfragia
1196 957 1370 992 beatorum
1408 959 1579 1001 agminum
1609 955 1840 1002 implorentur,
1871 965 2015 1000 quorum

141 1020 300 1069 presidiis
327 1020 563 1056 christifideles
593 1023 720 1067 premia
750 1023 912 1065 consequi
942 1024 1137 1054 mereantur
1165 1023 1293 1052 eterna.
1332 1017 1418 1052 Hinc
1446 1022 1508 1051 est.
1543 1016 1629 1062 quod
1660 1027 1703 1050 ex
1733 1015 1870 1062 speciali
1899 1018 2017 1060 gracia

142 1086 175 1117 et
209 1081 332 1117 favore
365 1082 407 1116 ad
445 1093 567 1129 preces
605 1086 637 1116 et
676 1081 833 1115 devotam
873 1084 1069 1116 instanciam
1100 1080 1336 1125 religiosorum
1376 1090 1416 1112 ac
1445 1077 1689 1112 honorabilium
1721 1078 1860 1111 fratrum
1891 1076 2015 1110 domini

141 1141 307 1178 «lobannis
326 1146 449 1190 prioris
468 1147 500 1177 et
522 1146 628 1177 tocius
648 1147 837 1177 conventus
859 1145 1052 1176 monasterii
1074 1152 1163 1175 nove
1184 1140 1394 1174 fundacionis
1411 1143 1441 1174 in
1458 1138 1617 1173 suburbio
1634 1141 1780 1172 civitatis
1796 1137 2016 1171 Brunnensis.

142 1203 380 1239 olomucensis
408 1203 566 1239 diocesis.
598 1203 725 1237 ordinis
755 1204 893 1238 fratrum
925 1202 1164 1236 heremitarum
1193 1204 1298 1236 sancti
1338 1202 1533 1246 Augustini.
1565 1200 1725 1234 inclinati.
1764 1199 1850 1244 quod
1881 1198 2014 1244 quidem

143 1267 383 1300 monasterium
427 1265 467 1299 ad
512 1264 675 1299 honorem
719 1267 947 1298 sacratissime
989 1266 1286 1298 annuncciacionis
1326 1262 1476 1308 gloriose
1515 1264 1656 1306 virginis
1686 1260 1792 1295 Marie
1829 1272 1869 1293 ac
1912 1262 2016 1293 sancti

142 1325 274 1362 Thome
301 1326 444 1374 apostoli
474 1338 535 1373 per
563 1327 734 1361 dominum
766 1325 995 1360 marchionem
1017 1328 1070 1371 pie
1091 1327 1253 1359 memorie
1274 1323 1462 1358 ,iohannem
1485 1322 1655 1356 fundatum
1677 1324 1784 1355 extitit
1805 1325 1838 1355 et
1857 1320 2018 1354 dotatum.

140 1387 305 1424 Volentes
333 1390 447 1434 igitur,
477 1392 510 1422 ut
539 1386 725 1434 predictum
757 1390 1007 1421 monasterium.
1037 1386 1077 1419 ad
1108 1386 1195 1432 quod
1225 1385 1406 1432 specialem
1438 1383 1600 1418 habemus
1629 1383 1828 1417 devocionis
1849 1382 2015 1416 allectum.

142 1453 235 1485 tanto
276 1460 338 1497 per
379 1448 614 1484 christifideles
658 1448 890 1494 frequentetur
929 1447 1075 1482 uberius,
1115 1450 1239 1492 quanto
1278 1449 1386 1490 magis
1421 1446 1518 1479 donis
1556 1443 1782 1491 spiritualibus
1816 1448 1847 1477 et
1878 1454 2019 1478 munere

143 1510 278 1546 celestis
305 1513 425 1557 gracie
453 1513 486 1545 in
524 1509 644 1546 eodem
683 1521 720 1544 se
759 1512 914 1543 noverint
952 1508 1112 1551 refectos,
1153 1506 1308 1541 omnibus
1346 1504 1618 1540 christifidelibus
1654 1516 1736 1539 vere
1777 1503 2015 1550 penitentibus.

143 1574 298 1608 contritis
325 1576 359 1606 et
386 1571 567 1609 confessis.
597 1574 652 1617 qui
683 1574 715 1605 in
745 1569 981 1604 festivitatibus
1011 1569 1233 1614 infrascriptis
1262 1572 1293 1601 et
1323 1570 1430 1613 primo
1460 1565 1584 1600 Christi
1614 1566 1771 1600 videlicet
1801 1568 1902 1611 ipsius
1924 1567 2017 1599 nati-

142 1635 270 1678 vitatis,
312 1635 592 1670 circumcisionis,
635 1631 826 1678 epiphanie.
869 1642 965 1667 cene.
1010 1640 1220 1676 parasceven
1264 1632 1352 1663 isici.
1393 1631 1423 1662 in
1463 1628 1578 1673 vigilia
1617 1626 1754 1673 pasche.
1794 1629 2017 1660 ascensionis.

142 1698 371 1741 pentecostes,
402 1697 568 1736 trinitatis,
597 1696 751 1739 corporis
781 1692 916 1727 Christi.
947 1696 1066 1725 sancte
1105 1694 1215 1724 crucis
1245 1692 1468 1731 invencionis‚
1499 1689 1740 1729 exaltacioni33
1778 1691 1808 1721 iu
1846 1687 2018 1721 festivita—

143 1754 231 1791 tibus
265 1759 381 1790 sancte
415 1754 523 1790 Marie
559 1754 716 1789 videlicet
752 1755 1002 1799 concept-ionis.
1034 1754 1227 1785 nativitatis.
1266 1752 1574 1785 annuncciacioniS.
1606 1751 1824 1783 visitacionis.
1856 1747 2019 1794 purifica-

142 1819 263 1860 cionis‚
291 1819 536 1863 assumpcionis
555 1820 588 1850 ct
616 1818 721 1850 sancti
743 1815 916 1850 Michaelis
946 1813 1155 1854 archangeli,
1175 1812 1339 1846 Johannis
1361 1811 1520 1858 Baptiste.
1552 1816 1583 1844 et
1612 1814 1644 1844 iu
1675 1810 1768 1844 festis
1789 1809 2017 1855 apostolorum

143 1876 233 1913 Petri
274 1882 306 1912 et
345 1876 435 1912 Pauli
473 1882 505 1911 et
543 1877 682 1911 aliorum
719 1876 947 1922 apostolorum
987 1879 1018 1908 et
1057 1874 1365 1917 evangelistarum:
1406 1877 1436 1906 in
1474 1872 1560 1906 festo
1600 1875 1792 1905 sanctorum
1833 1874 2016 1915 martyrum

143 1937 319 1985 Stephani,
362 1937 550 1981 Laurencii,
598 1937 675 1974 Viti.
717 1937 923 1971 wenceslai.
967 1934 1154 1969 Adalberti.
1194 1933 1414 1974 sigismundi.
1454 1932 1623 1967 stanislai.
1671 1931 1797 1965 Georii.
1845 1930 2019 1976 l'roeopii:

144 2002 177 2035 in
214 1999 310 2035 festis
352 1999 586 2034 confessorum
625 1998 771 2033 Martini.
811 1997 950 2032 Nicolai.
988 2001 1130 2041 quatuor
1168 1994 1343 2028 doctorum
1385 1994 1577 2039 Augustini.
1617 1993 1790 2027 Jeroninii.
1836 1991 2019 2025 Ambrosii.

144 2059 317 2106 Gregorii,
355 2059 567 2102 Leonhardi3
618 2062 649 2094 in
685 2060 778 2094 festis
817 2064 1008 2093 sanctarum
1050 2060 1217 2101 virginum
1255 2060 1286 2089 et
1322 2055 1496 2090 viduarum
1541 2054 1695 2088 videlicet
1735 2053 1839 2087 Marie
1871 2051 2018 2095 Magda—

143 2119 233 2165 lene‚
278 2125 396 2156 sancte
437 2122 550 2156 Anne.
598 2124 740 2166 virginis
782 2120 889 2155 Marii·
937 2121 1063 2153 matris.
1107 2117 1303 2151 liatherine.
1347 2116 1576 2161 Murgan-the.
1625 2116 1781 2154 Agnetis.
1831 2113 2018 2150 Dorothee.

143 2180 268 2218 Ursule
295 2186 329 2217 et
356 2181 519 2217 sodalium
549 2185 635 2226 eius,
665 2181 852 2221 Hedwisgis.
885 2181 1044 2215 Luilmile.
1077 2177 1262 2212 Elizabeth.
1284 2177 1437 2212 Monice:
1467 2179 1497 2210 in
1529 2176 1616 2210 fii-sto
1646 2178 1792 2210 omnium
1823 2178 2015 2208 sanctoruni

144 2247 179 2279 ot
205 2245 238 2278 in
276 2243 331 2278 die
366 2242 597 2278 dedicacionis
634 2243 818 2290 predictum
859 2244 1096 2276 monasterium
1137 2242 1348 2273 visitaverint
1385 2243 1416 2271 et
1456 2241 1486 2272 in
1520 2249 1561 2270 eo
1592 2237 1749 2283 predicti>
1781 2234 2018 2269 festivitatibus

144 2308 223 2340 ante
263 2303 369 2339 attare
411 2303 583 2350 quodlibet
628 2303 726 2338 llexis
768 2303 911 2345 genibus
953 2305 1249 2348 quocienscunque
1288 2303 1433 2344 quinque
1472 2303 1567 2345 pater
1606 2303 1720 2331 noster
1749 2296 1790 2330 oh
1822 2299 2017 2330 memoriani

144 2367 313 2413 pantonis
332 2364 456 2400 Christi
486 2377 560 2400 cum
591 2365 727 2400 totidem
757 2377 821 2399 ave
842 2364 946 2399 Maria
977 2364 1100 2397 devote
1130 2364 1315 2401 orm-erint,
1346 2364 1419 2394 sive
1448 2360 1487 2393 ad
1519 2363 1623 2405 ipsum
1652 2369 1768 2392 manus
1803 2359 2017 2403 porrexerint

145 2425 343 2472 ndjtltrices‚
372 2431 427 2460 aut
456 2430 563 2461 eciam
593 2426 646 2461 die
676 2426 842 2460 dominica
872 2427 1019 2459 sermoni
1050 2423 1170 2457 ibidem
1201 2421 1422 2463 interfuerint,
1453 2420 1493 2454 de
1523 2422 1760 2466 omnipotentis
1795 2418 1846 2452 dei
1879 2420 2018 2451 miseri-

145 2486 264 2522 cordia
292 2491 326 2522 et
354 2486 528 2522 beatorum
551 2487 638 2522 Petri
668 2493 700 2521 et
725 2487 814 2522 Pauli
844 2487 1073 2533 apostolorum
1104 2487 1303 2518 auctoritate
1333 2487 1362 2515 et
1394 2485 1636 2516 intercessione
1658 2480 1786 2514 conlisi.
1809 2480 1849 2513 de
1870 2478 2019 2525 quolibet

144 2546 241 2582 ulturi
276 2550 310 2584 in
348 2548 480 2595 prefato
519 2552 724 2583 monasterio
763 2552 836 2582 sive
874 2547 1013 2594 capelli>
1054 2549 1154 2591 ipsius
1191 2547 1267 2579 sito.
1306 2543 1525 2589 quadraginta
1555 2542 1626 2576 «lies
1656 2541 1943 2585 indulgenciarum
1977 2540 2019 2572 de

145 2609 304 2653 injunctis
332 2612 382 2644 eis
412 2611 610 2656 penitenciis
649 2612 681 2644 in
711 2609 846 2643 domino
883 2608 1147 2642 misericorditer
1187 2604 1389 2639 relaxamus.
1448 2602 1486 2637 Et
1517 2602 1603 2648 ‹piod
1635 2606 1665 2635 in
1696 2601 1784 2635 dicto
1814 2602 2019 2634 monasterio

145 2667 230 2705 hore
259 2672 400 2715 virginis
429 2670 580 2709 ,glorioso
611 2670 843 2716 sollempniter
871 2670 1102 2703 decantantur.
1134 2666 1229 2701 nohis
1259 2677 1276 2699 u
1298 2665 1394 2699 dictis
1415 2663 1573 2698 fratribus
1595 2662 1762 2697 hiuniliter
1783 2665 1820 2696 sit
1844 2667 1873 2694 et
1896 2662 1953 2694 dev
1964 2665 2019 2694 ote
