2347 3153
1314 233 1387 268 342

416 340 601 373 Brmmensi
633 340 869 373 Olmnuceasis
899 339 1043 372 diocesis
1074 343 1297 384 occupaturos
1331 344 1361 371 ct
1401 339 1607 372 detentores.
1639 350 1677 372 ac.
1707 339 1888 384 quemlibet.
1926 340 2024 373 alium
2055 345 2086 373 et
2115 340 2282 386 quoslibet

415 402 509 435 alios.
541 402 652 435 t'orsan
679 403 747 445 jam
780 404 809 433 iu
841 401 957 433 eadem
989 400 1131 432 ecclesia
1163 402 1323 432 intrusum
1354 410 1412 432 seu
1442 402 1603 443 intrusos,
1633 411 1692 433 seu
1723 403 1940 446 imposterum
1972 404 2003 434 in
2034 403 2139 447 ipsam
2169 404 2282 436 intru-

415 462 558 495 dendum
591 462 642 495 vet
674 462 900 495 intradeiutos.
937 461 1151 504 illicitumque
1190 471 1247 493 seu
1288 460 1418 493 illicitos
1449 460 1657 494 detentorem
1688 472 1748 494 seu
1777 461 1970 495 detentores
1999 461 2120 495 abinde
2149 465 2281 508 penitus

416 535 647 557 ammoveinus
677 534 715 555 ac
745 526 923 556 aminotum
955 525 987 554 et
1016 525 1180 554 ammotos
1210 532 1226 553 a
1254 524 1472 566 possessione
1493 521 1641 555 eiusdem
1663 521 1884 567 parrochialis
1905 522 2051 556 ecclesie
2070 523 2282 569 presentibus

417 585 626 618 declaramus
656 589 685 617 et
718 586 988 628 promniciamus.
1021 582 1094 623 Que
1123 585 1233 615 omnia
1264 586 1295 615 et
1324 582 1456 626 singula
1487 593 1526 615 ac
1555 583 1763 628 supradictas
1792 583 1907 617 literas
1927 584 2132 629 apostolicas
2152 595 2282 619 necnon

417 649 633 679 instrumenta
677 650 706 677 ct
752 655 933 689 processus
976 648 1111 676 nostros
1155 642 1343 676 huiusmodi
1387 648 1417 675 ct
1460 646 1569 676 munia
1609 648 1638 677 et
1681 644 1810 687 singula
1850 648 1881 678 in
1920 648 1968 678 eis
2003 649 2156 679 contenta
2186 644 2283 680 vobis

415 709 582 740 universis
626 711 657 738 et,
699 705 839 749 singulis
882 704 1083 750 supradictis
1123 707 1325 738 intimamus.
1366 707 1572 737 insinuamus
1611 709 1641 737 et
1681 704 1890 739 notificamus
1928 717 1967 739 ac
2001 706 2039 739 ad
2070 710 2220 740 vestram
2251 710 2283 740 et

415 767 587 800 cuiuslibet
621 771 767 799 vestrum
799 768 953 799 noticiam
994 765 1188 798 deducimus
1219 769 1250 797 et
1289 764 1407 798 deduci
1449 765 1601 798 volumus
1639 777 1699 811 per
1736 771 1923 811 presentes.
1982 766 2022 800 Et
2051 767 2282 801 nichilominus

417 840 478 861 vos
522 829 688 861 domimun
730 831 923 872 episcopum
955 826 1217 859 olomucensem
1257 830 1475 870 vestrumque
1514 829 1544 860 in
1585 827 1810 872 spiritualibus
1844 830 2007 861 vicarium
2046 833 2079 862 et
2107 828 2284 862 officialem

416 890 610 928 generalem
641 900 678 921 ac
709 899 926 933 ‹piascuuque
965 888 1045 920 alias
1084 899 1249 933 personas
1285 887 1535 921 ecclesiasticas
1573 893 1605 920 et
1644 888 1845 933 spirituales„
1882 899 2022 933 quorum
2062 892 2200 923 interest
2228 890 2284 923 vel

417 955 580 984 interesse
611 950 794 983 dinoscitur
824 954 852 981 et
885 952 937 993 qui
968 960 1069 994 super
1100 949 1162 981 hoc
1193 949 1321 981 t'ueritis
1351 951 1502 993 requisiti
1532 959 1591 982 seu
1623 948 1747 983 fuerint
1776 952 1927 994 requisiti
1957 955 2013 983 aut
2043 949 2141 984 fuerit
2163 953 2282 995 requi-

416 1016 508 1045 situs.
553 1015 750 1044 auctoritate
794 1011 990 1055 apostolica.
1035 1022 1098 1055 qua
1139 1011 1309 1054 fungimur
1347 1012 1377 1042 in
1418 1009 1480 1042 hac
1518 1014 1624 1055 parteq
1664 1013 1866 1055 requirimur
1904 1015 1937 1044 et
1973 1022 2148 1045 monemus
2178 1014 2283 1057 primo

417 1073 565 1106 secundo
595 1075 700 1105 tercio
730 1077 758 1104 et
790 1075 1028 1117 peremptorie.
1061 1071 1225 1116 vobisque
1259 1070 1495 1104 nichilominus
1534 1075 1565 1104 et
1595 1076 1745 1105 vestrum
1776 1071 1908 1105 cuilibet
1947 1075 1978 1106 in
2017 1075 2140 1106 virtute
2169 1077 2285 1107 sancte

416 1134 612 1167 obediencie
651 1138 680 1166 et
721 1133 780 1166 sub
821 1134 1040 1178 iuti-ascriptis
1080 1136 1174 1178 penis
1213 1132 1361 1165 districtc
1400 1132 1616 1178 prm-ipiendo
1657 1133 1864 1169 mandamus,
1903 1138 2068 1178 quatenus
2106 1133 2190 1167 int'ra
2220 1145 2282 1168 sex
2315 1131 2319 1136 ’

416 1197 543 1229 dierum
575 1198 721 1241 spacium
745 1200 816 1240 post
839 1197 1131 1240 presentarionem
1163 1198 1193 1227 et
1224 1193 1490 1227 notiiicacionem
1523 1196 1746 1239 presencium.
1778 1193 1875 1227 vobis
1895 1199 1928 1227 et
1956 1197 2037 1240 ipsis
2058 1199 2112 1228 aut
2133 1200 2282 1229 vestrum

417 1262 591 1290 eteorum
633 1257 726 1290 atteri
767 1256 900 1289 saetam.
938 1256 1129 1289 innnediate
1174 1258 1390 1300 sequeucium
1435 1257 1476 1287 ita
1522 1259 1644 1288 tamen.
1688 1255 1774 1300 quod
1814 1258 1844 1288 in
1885 1255 1947 1289 hiis
1985 1256 2172 1301 exquendis
2202 1267 2285 1290 unus

416 1319 554 1352 alterum
595 1330 659 1351 non
691 1322 858 1363 expectet.
901 1328 962 1350 nec
992 1317 1075 1350 alter
1105 1328 1164 1362 pro
1200 1317 1263 1349 alio
1294 1328 1330 1349 se
1360 1321 1510 1349 excuset,
1543 1328 1682 1361 quorum
1714 1328 1776 1349 sex
1806 1316 1932 1350 dierum
1964 1317 2047 1350 duos
2077 1328 2136 1363 pro
2166 1320 2285 1363 primo,

418 1381 500 1413 duos
537 1392 597 1425 pro
635 1380 784 1413 secundo
822 1383 851 1411 et
892 1378 1039 1423 reliquos
1078 1378 1160 1411 duos
1191 1377 1262 1411 dies
1294 1376 1389 1410 vobis
1420 1388 1458 1410 ac
1489 1380 1568 1423 ipsis
1599 1380 1766 1410 universis
1796 1382 1825 1410 et
1856 1378 1998 1419 singulis
2028 1389 2089 1424 pro
2119 1381 2224 1412 tercio
2254 1382 2286 1412 et

418 1445 643 1486 peremptorio
686 1444 828 1473 termino
867 1451 905 1471 ac
950 1442 1139 1472 iuouieioiw
1183 1442 1344 1471 canoniea
1384 1442 1606 1479 assiffliamus.
1648 1438 1795 1484 prefatas
1831 1439 1982 1472 dominas
2021 1438 2223 1473 abbatissam
2253 1443 2286 1472 et

417 1507 617 1535 conventum
641 1501 841 1546 principales
864 1500 916 1533 vel
938 1512 1052 1533 caiana
1084 1505 1336 1545 procuratorem
1370 1504 1514 1545 ipsarum
1538 1503 1671 1533 nomine
1701 1503 1731 1533 in
1762 1500 1857 1533 etad
1888 1501 2006 1534 dictam
2038 1500 2282 1546 parrochialem

417 1564 595 1596 ecclesiam
636 1565 739 1595 sancti
779 1561 894 1594 Jacobi
930 1563 1124 1606 juriumque
1163 1566 1192 1594 et
1234 1565 1515 1606 pertiueuciarum
1555 1563 1701 1594 omnium
1742 1561 1890 1594 eiusdem
1921 1564 2171 1606 possessionem
2202 1572 2285 1596 cor-

419 1624 566 1669 poralem
597 1624 721 1656 realem
744 1628 772 1655 et
796 1623 960 1655 actualem
985 1622 1147 1655 inducatis
1177 1627 1205 1655 et
1237 1623 1416 1656 admittatis
1446 1634 1484 1655 ac
1506 1623 1637 1655 inducat
1668 1627 1697 1655 et
1728 1622 1887 1660 admittat,
1920 1627 1951 1655 ct
1971 1622 2108 1668 quilibet
2136 1627 2284 1656 vestrum

417 1690 444 1716 et
491 1696 605 1717 eorum
651 1687 873 1717 communiter
916 1688 944 1716 ct
991 1685 1120 1716 divisim
1167 1683 1294 1716 inducat
1343 1688 1370 1716 et
1403 1684 1563 1717 admittat.
1607 1687 1761 1717 :immotis
1790 1684 1913 1717 exinde
1943 1686 2113 1730 preposito
2143 1683 2285 1729 capitulo

416 1758 455 1779 ac
499 1746 656 1779 Conrado
704 1750 732 1777 et
775 1746 924 1783 (is—ormo
972 1750 1004 1778 et
1051 1745 1123 1778 aliis
1167 1744 1419 1790 quiluiscunquc
1468 1747 1496 1778 in
1545 1745 1661 1778 eadem
1712 1745 1910 1789 parrochiali
1959 1745 2102 1779 ccclesia
2150 1747 2284 1779 intrusis

417 1819 474 1841 seu
507 1808 725 1840 intrudemtis.
757 1808 950 1852 eisdemque
972 1807 1169 1839 dominabus
1191 1806 1360 1839 abbatisse
1390 1811 1419 1839 et
1443 1809 1624 1839 conventui
1655 1806 1709 1839 vel
1742 1817 1855 1838 earum
1878 1808 2087 1851 procuratori
2117 1805 2158 1840 de
2183 1807 2285 1851 ipsius

418 1870 563 1902 ecclesie
594 1868 754 1901 fructibus
784 1867 966 1901 redditibus
1006 1867 1225 1913 proventibus
1259 1867 1390 1911 juribus
1429 1872 1461 1900 et,
1491 1867 1756 1900 obvencionibus
1795 1869 1964 1900 universis
1994 1867 2226 1912 respondeatis
2256 1869 2288 1899 et

420 1930 643 1975 respondeant
674 1941 712 1961 ac
743 1929 879 1974 quilibet
909 1934 1056 1962 vestrum
1089 1934 1117 1961 et
1150 1940 1264 1962 eorum
1304 1928 1519 1974 respondeat.
1557 1940 1595 1961 ae
1625 1927 1665 1960 ab
1695 1928 1778 1962 aliis.
1820 1930 2011 1972 inquantum
2052 1930 2084 1961 in
2119 1926 2216 1961 vobis
2253 1931 2286 1960 et,

418 1994 465 2023 eis
497 1990 604 2024 l'uerit.
637 1990 833 2035 responderi
866 1990 1006 2023 t'aciatis.
1040 1990 1161 2023 t'aciaut
1200 1995 1229 2023 et
1269 1990 1365 2023 t'aciat
1406 2001 1444 2022 ac
1475 1993 1630 2035 procuret
1663 2000 1736 2022 cum
1768 1989 1907 2022 etl'cctu:
1947 1999 2121 2022 monemus
2150 1991 2287 2033 insuper

419 2052 515 2084 inodo
546 2057 575 2083 et
608 2052 712 2084 l'orma
744 2054 907 2096 premissa
941 2063 1001 2084 vos
1031 2051 1113 2083 duos
1145 2054 1347 2096 prepositum
1380 2055 1409 2083 et
1441 2050 1617 2096 capitulum
1651 2050 1796 2083 ecclesie
1826 2053 1930 2083 sancti
1963 2049 2049 2083 Petri
2080 2049 2286 2083 Brunnensis

419 2113 566 2158 predicte
597 2125 634 2145 ac
665 2112 854 2146 t‘onraduni
887 2112 1053 2146 Smerbeh
1084 2117 1112 2144 et
1146 2113 1329 2150 (is-orgium
1361 2113 1402 2144 de
1432 2111 1614 2145 Gewurzka
1645 2116 1866 2156 occupatores
1896 2116 1929 2144 et
1958 2121 2176 2156 quoscunque
2201 2109 2286 2143 alios

420 2186 447 2205 ιιι
479 2175 563 2205 dicta
596 2173 797 2218 parrochiali
829 2174 972 2206 ecclesia
1011 2177 1156 2206 intrusos
1192 2185 1250 2206 seu
1282 2173 1514 2210 intrudeiulos‚
1557 2172 1719 2217 vobisque
1759 2177 1787 2205 et
1820 2171 2021 2217 quibuslibet
2050 2172 2123 2205 aliis
2152 2173 2286 2205 intrusis

420 2236 469 2266 wi
504 2235 708 2267 intrudi-iulis
731 2238 760 2267 in
784 2238 905 2267 vii-tute
936 2240 1052 2267 sancte
1074 2234 1271 2267 obediencie
1301 2234 1361 2267 sub
1392 2235 1516 2267 eisdem
1548 2236 1642 2279 penis
1663 2234 1811 2266 districte
1833 2233 2048 2279 precipiendo
2079 2232 2285 2273 mandamus.

419 2301 581 2339 quatenus
613 2296 695 2328 intra
727 2296 848 2328 dictum
889 2307 948 2328 sex
990 2295 1116 2328 dierum
1157 2299 1330 2328 terminum
1362 2295 1572 2340 corporalem
1614 2295 1737 2327 realem
1776 2299 1804 2327 et
1845 2294 2007 2327 actualem
2045 2294 2132 2327 dicte
2161 2303 2286 2339 parro-

420 2356 534 2388 chialis
578 2357 722 2389 ecclesie
763 2358 954 2401 jin-tumque
997 2361 1025 2388 et
1073 2359 1352 2401 pertini—iwiarum
1398 2356 1624 2402 predictoriun
1670 2359 1918 2401 possessionem
1963 2354 2100 2388 liberam
2144 2364 2284 2387 vacuam

419 2417 606 2461 expeditam
648 2417 742 2450 dietis
781 2417 977 2450 doiniimbus
1016 2417 1185 2450 abbatisse
1224 2422 1252 2449 et
1295 2420 1475 2450 conventui
1515 2422 1569 2449 aut,
1607 2417 1694 2449 dicto
1735 2419 1879 2462 ipsarum
1920 2418 2130 2461 procuratori
2170 2424 2283 2448 earum

420 2481 551 2509 nominc
583 2479 751 2511 dimittatis
782 2483 809 2510 et
843 2481 1033 2515 assignatis.
1067 2479 1225 2511 dimittant
1259 2483 1287 2511 et
1320 2481 1488 2517 assignent
1521 2489 1559 2509 ac
1591 2482 1738 2511 vestrum
1770 2482 1798 2509 et
1836 2488 1952 2510 eorum
1983 2475 2118 2510 cuilibet
2148 2475 2287 2509 dimittat

419 2543 447 2569 et
480 2543 626 2574 assignet
660 2552 732 2572 euin
765 2540 894 2572 ett'ectu.
930 2540 1103 2572 Motu-nius
1134 2543 1238 2572 eciam
1272 2539 1369 2572 inodo
1400 2544 1429 2571 et
1454 2539 1572 2573 t'orina.
1602 2538 1720 2582 quibus
1751 2549 1863 2583 supra.
1894 2549 1955 2570 vos
1976 2537 2059 2570 duos
2080 2538 2285 2582 prepositum

419 2605 446 2630 et
480 2601 656 2644 capitutum
689 2602 832 2633 ecclesie
863 2604 968 2634 sancti
1002 2601 1086 2633 Petri
1121 2601 1324 2634 lli-utinensis
1354 2613 1391 2633 ac
1423 2600 1612 2633 ('oiu·adum
1636 2598 1821 2631 Smerbech
1853 2602 2076 2643 occupatores
2105 2596 2284 2643 predictos⁷

420 2666 581 2704 quatenus
621 2661 787 2705 prelibatis
828 2662 1023 2695 dominabus
1063 2662 1230 2695 abbatisse
1268 2667 1299 2695 et
1337 2663 1516 2695 eoin-entia
1557 2659 1793 2705 principalibus
1835 2659 1887 2692 vet
1927 2669 2040 2691 earum
2077 2659 2285 2704 procuratori

421 2722 570 2766 predicto
602 2722 684 2753 int'ra
716 2725 891 2758 sexaginta
924 2723 1050 2755 dicrum
1084 2726 1258 2755 terminum
1291 2727 1360 2768 post
1395 2724 1683 2768 presentacioucm
1715 2725 1743 2752 et
1776 2719 2042 2753 notilicacionem
2074 2721 2283 2764 presencium
