2347 3153
1020 237 1089 272 147

127 341 392 375 misericorditer
420 342 552 376 collatis
581 342 760 376 dotandum
790 345 887 375 statui
918 342 1015 376 modo
1045 343 1270 388 infrascripto.
1301 342 1334 376 ln
1366 346 1480 388 primis
1501 348 1529 376 et
1550 348 1626 377 ante
1646 347 1755 377 omnia
1779 345 1855 377 volo
1877 349 1986 378 statuo

123 406 156 435 et
186 404 220 436 in
249 405 398 448 presenti
427 402 586 441 decerno,
619 408 650 436 ut
681 403 799 450 prefati
829 403 942 437 altaris
971 407 1083 437 rector
1110 414 1168 437 seu
1198 403 1390 449 capellanus
1419 403 1552 450 quilibet
1582 408 1751 450 prepetuis
1782 405 1985 451 temporibus

124 462 266 508 singulis
294 466 489 509 septimanis
519 464 558 497 ad
590 469 658 497 tres
687 467 806 498 missas
835 475 894 510 per
921 475 958 497 se
988 464 1043 498 vel
1080 464 1177 498 alium
1213 465 1423 498 sacerdotem
1462 469 1492 499 in
1523 466 1671 512 predicto
1701 466 1795 499 altari
1826 465 1985 510 legendas

121 526 164 558 sit
193 527 328 558 omnino
357 528 524 558 asu-ictus.
547 535 685 569 quarum
715 528 851 571 primam
883 536 955 559 cum
986 528 1142 572 passione
1171 525 1294 559 domini
1324 525 1384 559 sub
1415 527 1507 560 titulo
1531 527 1741 571 evangeliste
1761 538 1858 572 quein
1881 530 1987 560 maior

125 584 168 619 de
195 595 287 619 novo
314 591 536 630 suggesserit.
567 586 748 619 secundam
779 597 862 620 vero
900 587 941 619 de
977 585 1071 620 beata
1110 588 1243 630 virgine
1273 591 1422 632 tempore
1459 591 1668 621 occurrentis
1697 592 1727 620 et
1758 591 1895 622 tei-ciam
1927 598 1986 634 pro

124 645 290 681 defunctis
327 645 580 692 quibuscunque
616 646 733 680 diebus
770 651 893 692 quanto
925 648 1050 681 scilicet
1088 647 1205 681 melius
1244 647 1341 681 fuerit
1376 647 1555 694 dispositus
1593 648 1707 693 legere
1744 651 1873 694 poterit.
1923 648 1986 682 l'ro

128 706 306 742 dotacione
334 718 418 741 vero
447 709 549 753 ipsius
578 707 690 741 altaris
719 711 920 753 quingentos
949 708 1095 742 florenos
1123 718 1246 742 aureos
1275 708 1510 754 hungaricales
1539 709 1661 754 deputo
1699 714 1730 742 ei
1760 712 1896 753 assigno
1926 720 1986 755 pro

123 766 244 815 quibus
272 771 405 813 triginta
436 779 550 802 marce
580 773 712 802 monete
742 773 927 803 eommunis
955 780 972 802 a
994 769 1128 803 domino
1148 768 1273 804 Karoto
1293 770 1334 803 de
1354 769 1527 815 Wlassym
1550 773 1580 803 in
1602 774 1749 816 pretorio
1770 771 1986 804 (ltomucensi

122 828 165 864 de
194 827 378 864 redditibus
407 832 511 873 regiis
540 829 647 863 eidem
678 832 909 875 impignoratis
939 834 1027 864 iuxta
1057 830 1226 864 literarum
1256 836 1286 863 et
1315 830 1598 876 infrascripcionis
1619 834 1719 877 ipsius
1740 835 1985 866 continenciam

120 890 191 935 jam
219 894 296 924 actu
325 889 386 923 suh
416 889 507 923 titulo
537 893 759 936 reempcionis
787 895 860 924 sunt
891 896 1093 937 comparate.
1126 890 1274 933 Quarum
1306 894 1421 936 viginti
1451 892 1643 938 capellanus
1672 897 1703 926 et
1732 898 1844 927 rector
1874 893 1986 927 altaris

127 960 188 998 pro
215 951 339 985 salario
367 962 428 984 suo
458 954 628 996 perpetuis
658 950 777 984 habeat
808 951 1024 998 temporibus,
1055 952 1199 998 reliquas
1220 964 1303 986 vero
1324 953 1440 986 decem
1463 956 1493 987 in
1523 964 1625 999 opera
1655 957 1785 999 pietatis
1814 954 1986 988 distribuat

127 1011 228 1046 modo
256 1011 488 1058 infrascripto:
517 1014 549 1045 111
578 1014 692 1057 primis
713 1023 810 1045 unam
832 1024 977 1046 marcam
1008 1024 1067 1059 pro
1096 1016 1330 1047 anniversario
1360 1017 1391 1047 in
1421 1014 1563 1048 ecclesia
1589 1018 1693 1048 sancti
1713 1014 1864 1049 Mauricii
1886 1026 1988 1061 snper

127 1072 224 1107 altari
266 1072 417 1119 predicto
446 1072 642 1118 peragendo
680 1084 740 1119 pro
778 1073 896 1107 officiis
931 1077 1020 1108 cirea
1057 1077 1324 1108 anniversarium
1365 1074 1550 1109 huiusmodi
1587 1075 1747 1110 faciendis
1786 1076 1849 1110 hoc
1888 1078 1986 1110 modo

125 1134 309 1180 dispenset,
338 1133 494 1167 videlicet
520 1144 581 1179 pro
611 1134 734 1178 vigiliis
763 1146 884 1168 novem
915 1135 1099 1169 leccionum
1129 1140 1160 1168 et
1190 1134 1341 1168 laudibus
1361 1135 1536 1169 duodecim
1557 1148 1708 1178 grossos.
1740 1148 1800 1183 pro
1820 1138 1985 1171 conductu

125 1199 158 1229 et
187 1194 284 1229 salve
311 1204 373 1228 sex
411 1204 563 1238 grossos.
603 1206 662 1240 pro
693 1195 786 1240 pulsu
815 1199 959 1229 omnium
989 1207 1223 1242 campanarum
1266 1201 1382 1231 maiori
1421 1202 1531 1231 tamen
1569 1203 1710 1244 excepta
1751 1201 1866 1243 viginti
1910 1203 1986 1232 octo

128 1265 283 1300 grossos.
322 1265 382 1302 pro
411 1255 528 1289 decem
567 1259 677 1289 missis
715 1255 867 1299 legendis
905 1257 1020 1290 decem
1059 1268 1209 1301 grossos.
1260 1258 1396 1292 Vicario
1425 1259 1569 1292 ecclesie
1598 1259 1726 1305 prefate
1756 1270 1816 1304 pro
1845 1263 1987 1304 quatuor

128 1315 307 1351 luminibus
336 1319 426 1350 circa
465 1316 506 1350 ad
544 1317 839 1351 administrandum
877 1322 1018 1363 quatuor
1051 1329 1204 1363 grossos.
1235 1319 1366 1353 tandein
1396 1318 1536 1365 plebano
1571 1319 1719 1353 eiusdem
1750 1320 1896 1353 ecclesie
1926 1331 1986 1365 pro

128 1376 302 1412 offertorio
329 1382 472 1423 quatuor
508 1389 660 1420 grossos.
710 1378 847 1424 lnsuper
875 1384 905 1411 et
936 1378 1135 1424 predicator-i
1166 1382 1268 1425 ipsius
1305 1380 1452 1414 ecclesie
1480 1391 1541 1426 pro
1570 1380 1812 1414 exhortacione
1842 1380 1985 1414 lidi-lium

126 1438 169 1473 ad
198 1438 359 1473 orandum
390 1449 450 1484 pro
480 1450 552 1472 mea
583 1443 613 1471 et
643 1444 862 1484 cognatorum
900 1451 1048 1473 meorum
1079 1440 1220 1474 mediam
1251 1452 1396 1474 marcam
1435 1440 1608 1475 animabus
1636 1446 1769 1475 monete
1799 1444 1985 1475 eoniniunis

126 1499 271 1545 singulis
298 1501 395 1534 annis
423 1499 505 1533 dare
534 1499 709 1534 tenebitur.
741 1500 846 1541 Quem
877 1501 1008 1545 quidem
1038 1504 1304 1535 anniversarium
1335 1502 1421 1535 diem
1452 1502 1597 1547 quolibet
1627 1514 1714 1536 anno
1735 1506 1764 1536 in
1795 1502 1848 1536 die
1877 1501 1985 1535 obitus

127 1562 191 1595 mei
220 1559 285 1595 boc
313 1564 365 1594 est
393 1563 424 1594 in
454 1560 570 1605 vigilia
600 1560 725 1595 1111111111·
754 1561 894 1607 apostoli
924 1562 977 1594 vel
1007 1565 1095 1595 eirca
1126 1567 1221 1608 prout
1253 1566 1517 1597 conveniencius
1548 1563 1713 1597 videbitur
1746 1567 1862 1609 perat-ri
1894 1563 1983 1596 volo.

126 1619 207 1656 Item
235 1621 376 1655 alteram
406 1632 552 1655 marcam
583 1632 643 1667 pro
673 1621 864 1655 mulieribus
885 1622 1026 1668 leprosis
1046 1622 1085 1655 ad
1108 1622 1237 1656 beatam
1262 1627 1427 1665 virginem
1453 1629 1548 1657 extra
1570 1624 1725 1658 suburbia
1748 1625 1983 1658 (llomucensia

123 1681 212 1717 idem
240 1682 389 1716 attan-ista
418 1686 586 1716 annuatim
617 1686 794 1728 porrigere
830 1683 948 1716 debent
978 1687 1007 1715 et
1039 1687 1202 1717 teneatur.
1254 1683 1332 1718 ltem
1372 1696 1432 1730 pro
1462 1684 1652 1718 mulieribus
1682 1684 1883 1730 pauperibus
1913 1690 1980 1718 tres

127 1742 246 1778 domos
282 1743 519 1778 elemosinales
557 1755 661 1790 prope
699 1744 876 1778 ecclesiam
915 1748 1019 1777 saneti
1058 1743 1232 1779 Michaelis
1269 1745 1488 1779 incolentibus
1517 1746 1670 1779 similiter
1698 1749 1865 1779 annuatim
1896 1749 1985 1779 circu

124 1803 235 1838 solvet
267 1814 428 1838 censuum
467 1808 724 1850 percepcionem
763 1810 831 1838 tres
870 1817 999 1839 mareas
1037 1806 1076 1838 ad
1115 1805 1293 1850 quamlibet
1332 1806 1464 1839 domuin
1501 1817 1596 1839 unam
1628 1818 1773 1840 mai-eam
1805 1818 1864 1853 pro
1895 1810 1983 1840 victu

124 1875 321 1912 pauperum.
351 1863 390 1899 Et
420 1868 539 1899 iterum
571 1865 752 1900 Katherine
781 1867 1021 1900 sanctimoniali
1051 1867 1089 1899 nd
1121 1870 1269 1900 sanciam
1300 1867 1443 1902 staram,
1475 1871 1629 1912 quoniam
1660 1867 1745 1914 apud
1772 1879 1824 1901 ine
1845 1868 1984 1901 educata

124 1930 189 1967 est,
218 1928 287 1961 vita
316 1929 419 1973 ipsius
448 1926 596 1963 durante.
628 1932 700 1974 post
735 1939 818 1961 vero
853 1928 1027 1961 dei-essum
1066 1931 1137 1960 eius
1173 1931 1352 1961 conventui
1389 1928 1464 1961 dicti
1504 1931 1694 1962 monasterii
1734 1930 1815 1962 duas
1854 1940 1985 1963 marcas

122 1986 266 2033 siugulis
293 1990 389 2022 annis
418 1993 621 2022 memoratus
650 1989 796 2023 altarista
827 1989 906 2023 dare
944 1994 1106 2022 teneatur.
1147 2000 1206 2034 pro
1244 1988 1361 2033 quihus
1392 1990 1476 2022 idem
1514 1994 1710 2024 conuentus.
1741 1995 1913 2035 postquam
1944 1990 1984 2023 ad

122 2049 229 2094 'ipsum
259 2047 359 2083 modo
378 2048 570 2095 supradicto
599 2049 719 2083 suerint
740 2050 909 2083 devolute.
931 2052 1196 2083 anniversarium
1219 2053 1306 2083 omni
1336 2061 1422 2083 anno
1452 2061 1526 2084 cum
1558 2051 1680 2095 vigitiis
1711 2062 1830 2084 novem
1853 2051 1985 2084 leccio-

122 2118 199 2143 1111111
245 2108 397 2144 laudibus
441 2114 472 2143 et
517 2110 611 2144 salve
647 2121 778 2144 neenon
817 2114 960 2156 quinque
999 2113 1107 2143 missis
1145 2110 1379 2143 desimetorum
1420 2122 1477 2156 pro
1517 2122 1568 2144 me
1606 2116 1637 2143 et
1673 2115 1881 2150 coenat-ione
1912 2122 1984 2145 mea

125 2179 292 2216 peregere
320 2173 383 2204 erit
412 2169 590 2215 obtigaius.
631 2170 710 2204 ltem
741 2171 781 2205 ad
813 2171 1051 2205 fraternitatem
1082 2171 1241 2216 t‘orporis
1271 2170 1392 2205 t'hrisu
1421 2172 1460 2205 ad
1500 2176 1647 2205 sunctum
1678 2172 1872 2206 Mauricium
1903 2172 1985 2206 (luas

125 2239 258 2265 marens
286 2241 360 2265 cum
390 2231 523 2266 dimidia
554 2243 613 2278 pro
642 2243 719 2265 cera
752 2233 804 2265 vel
833 2232 905 2265 aliis
936 2231 1034 2265 relius
1063 2231 1162 2264 cultui
1192 2232 1304 2265 divino
1335 2235 1536 2265 necessariis
1565 2236 1634 2278 ipse
1663 2233 1809 2266 nltnristn
1839 2232 1986 2278 qiiolibet

125 2300 215 2326 anno
241 2291 324 2326 dare
351 2295 393 2326 sit
421 2291 599 2337 obligatus.
631 2292 669 2327 Et
699 2298 731 2326 ut
761 2293 823 2327 hec
852 2304 960 2327 omma
993 2292 1187 2326 validiorem
1209 2298 1241 2324 et
1271 2292 1486 2326 indubitatum
1508 2296 1695 2326 sori-inntui·
1715 2293 1881 2327 ellectum.
1904 2294 1982 2327 voto

129 2355 164 2386 et
192 2362 357 2399 expresse
385 2364 446 2399 per
474 2357 650 2399 presentes
684 2355 843 2389 decerno.
882 2354 967 2399 qnod
1005 2354 1151 2387 altar-istu
1187 2353 1321 2398 quilibet
1361 2355 1445 2399 apud
1485 2359 1588 2400 ipsum
1628 2354 1732 2388 altare
1762 2354 1983 2388 resideneium

130 2412 240 2448 nodia
266 2413 420 2448 omnibus
451 2414 549 2448 saciat
578 2415 802 2460 personalem.
834 2426 941 2459 neque
971 2414 1046 2448 illud
1077 2413 1264 2447 enmbiendi
1294 2419 1348 2447 aut
1377 2414 1601 2448 commutandi
1631 2418 1701 2449 sine
1737 2415 1914 2449 manifesto
1952 2421 1982 2449 et

58 2493 77 2509 s
127 2472 275 2509 evidenti
304 2479 520 2521 patronorum
550 2486 609 2508 seu
639 2475 832 2510 collatorum
863 2486 1028 2509 consensu
1059 2475 1200 2519 aliquam
1227 2474 1343 2508 hahent
1369 2475 1570 2509 fucultatem.
1601 2476 1764 2521 Quodque
1793 2488 1830 2509 se
1859 2480 1983 2510 ceteris

121 2536 228 2581 ipsius
255 2534 401 2569 ecclesie
429 2536 586 2570 alturistis
615 2540 750 2571 omnino
779 2537 976 2570 conformet.
1007 2548 1044 2569 uc
1075 2539 1104 2568 in
1132 2534 1366 2569 festivitatibus
1385 2534 1489 2569 lesu
1511 2535 1632 2570 Christi
1653 2539 1791 2582 eiusque
1811 2540 1984 2582 genitricis

68 2599 89 2637 ,⁴
124 2592 233 2630 narie
268 2595 550 2642 solempnius-ibus
586 2600 700 2643 primis
738 2602 769 2630 et
808 2598 964 2631 secundis
1003 2599 1155 2642 vesperis
1193 2597 1428 2643 superpellicio
1466 2598 1625 2631 decenter
1659 2598 1790 2632 indutus
1819 2601 1984 2632 interesse

70 2654 86 2667 φ

68 2687 75 2691 .
127 2658 228 2702 utque
256 2658 288 2690 in
316 2657 411 2690 altari
441 2658 613 2703 sepedicto
642 2657 725 2692 duos
754 2669 874 2692 cereos
903 2658 1042 2691 honeste
1073 2657 1308 2696 magnitudinis
1329 2657 1412 2691 infra
1434 2662 1590 2703 utrasque
1612 2669 1773 2704 vesperas
1793 2659 1983 2692 accendere

128 2715 258 2753 doben.
293 2716 379 2751 Volo
408 2722 562 2764 preterea
591 2723 620 2751 et
652 2719 798 2753 decerno
824 2720 1073 2765 jnspntronatus
1099 2721 1172 2751 sive
1192 2717 1331 2751 collucio
1351 2719 1498 2751 eiusdem
1521 2718 1634 2752 altaris
1654 2722 1721 2752 vitu
1743 2719 1841 2753 miehi
1863 2723 1984 2752 comite

1833 2787 1877 2811 120·
