2347 3153
1288 217 1356 251 lSO

389 323 528 365 mulgari
550 325 767 355 sentenciam.
790 332 849 366 per
870 326 997 354 certum
1020 321 1142 355 domini
1163 325 1268 355 nostri
1288 333 1372 368 pape
1393 333 1566 355 cursorem
1594 324 1686 354 citari
1709 322 1847 356 fecimus
1868 322 1907 355 ad
1929 327 2057 356 certum
2078 325 2254 356 terminum

385 387 643 428 competentem.
675 382 830 415 videlicet
861 382 900 415 ad
931 381 1017 415 diem
1048 386 1078 415 et
1110 381 1226 415 horam
1256 382 1499 427 infrascriptas.
1539 382 1680 415 eundem
1711 385 1888 415 terminum
1919 387 1952 416 et
1980 383 2020 416 ad
2050 383 2259 418 consimilem

385 448 492 476 actum
525 446 687 486 magistro
718 442 899 476 wilhelmo
930 443 997 475 Leo
1026 446 1250 488 procuratori,
1273 454 1338 487 quo
1360 453 1460 488 supra
1483 445 1629 484 nomine.
1652 443 1681 476 id
1704 442 1815 476 debito
1837 443 1936 477 modo
1956 447 2079 489 petenti
2101 449 2260 478 statuen-

385 504 460 537 dum
491 504 530 536 ad
563 504 659 536 idem.
719 502 982 548 Quibusquidem
1013 503 1065 536 die
1095 508 1127 536 et
1157 503 1238 536 hora
1269 503 1474 536 adveniente
1504 508 1763 548 comparuerunt
1804 506 1834 537 in
1865 504 1990 537 eisdem
2021 515 2135 538 coram
2164 504 2260 539 nohis

391 566 538 599 Antonio
577 567 737 610 episcopo
776 568 804 597 et
846 565 998 597 auditore
1038 567 1187 608 magistri
1220 564 1420 597 willielmus
1460 564 1527 597 Leo
1565 575 1608 597 ex
1647 575 1711 597 una
1749 569 1783 597 et
1811 564 1983 598 ,lohannes
2012 565 2053 598 de
2083 564 2258 600 Scrivanis

390 627 549 671 predictis
579 628 820 670 procuratoriis
850 624 1037 658 nominibus
1068 625 1186 669 quibus
1216 636 1315 670 supra
1352 636 1395 658 ex
1425 625 1541 668 altera.
1572 625 1722 670 prefatus
1752 636 1835 658 vcro
1866 628 2028 670 magister
2055 624 2257 659 Wilhelmus

391 687 470 721 Leo.
501 692 700 732 procurator
729 686 878 732 prefatus
909 689 1042 719 nomine
1073 698 1137 730 quo
1167 698 1279 731 supra.
1310 685 1520 720 diffinitivam
1542 697 1602 732 pro
1631 690 1725 732 parte
1754 697 1813 719 sua
1843 690 1875 719 et
1903 690 2020 720 contra
2045 691 2174 732 partem
2195 685 2257 721 sibi

390 752 420 781 in
452 748 637 781 huiusmodi
669 758 769 781 causa
799 748 976 781 adversarii
1010 748 1088 780 i'erri
1115 748 1210 790 juxta
1241 751 1271 780 et
1303 748 1484 780 secundum
1515 750 1636 780 seriem
1659 751 1687 779 et
1712 751 1861 780 tenorem
1883 750 2023 792 pretacti
2053 746 2153 781 libelli
2183 750 2257 782 sive

393 811 565 855 peticionis
604 819 663 842 sue
700 811 853 853 superius
892 813 920 841 ut
962 808 1130 853 prefertur
1170 811 1283 841 inserti
1315 811 1534 842 sentenciam.
1566 811 1727 852 magistro
1756 807 1911 841 Jobanne
1940 808 1980 841 de
2010 807 2186 842 Scrivanis
2215 819 2259 842 ex

390 870 534 903 adverso
553 874 772 915 procuratore
790 872 935 914 presenti
953 873 982 901 et
1001 868 1146 902 audienti
1159 866 1236 915 (sic)
1250 873 1282 901 et
1300 871 1329 901 in
1348 871 1480 914 scriptis
1501 869 1707 914 promulgari
1723 871 1928 902 sentenciam
1945 880 2005 914 per
2021 880 2082 902 nos
2098 871 2261 903 instanter
2309 883 2314 887 ·

392 931 582 976 postulavit.
641 929 678 963 Ei
717 935 792 963 tune
832 942 891 962 nos
931 930 1095 963 Antonius
1134 932 1314 975 episeopus
1353 934 1385 962 et
1421 930 1551 963 auditor
1581 929 1729 975 prefatus
1761 932 1840 963 visis
1870 932 2020 975 primitus
2050 940 2110 975 per
2138 940 2199 964 nos
2228 933 2261 963 et
2311 923 2314 925 ’

393 991 571 1036 diligenter
601 994 757 1036 inspectis
787 990 939 1023 omnibus
970 995 1001 1023 et
1032 990 1172 1034 singulis
1209 993 1293 1024 actis
1332 993 1483 1024 actii-atis
1522 991 1625 1024 literis
1665 993 1838 1036 scripturis
1878 989 2094 1036 processibus
2130 992 2260 1024 instru-

395 1055 514 1085 mentis
545 1056 573 1084 et
606 1055 815 1084 immimentis
846 1054 1046 1096 testiumque
1076 1051 1359 1097 deposicionibus.
1391 1054 1421 1085 in
1461 1052 1651 1085 huiusmodi
1690 1062 1790 1084 eausa
1831 1051 1926 1085 saetis
1956 1051 2076 1085 habitis
2105 1051 2260 1085 hincinde

394 1118 424 1146 et
456 1113 637 1159 productis.
669 1115 785 1157 eisque
814 1123 888 1145 cum
920 1112 1028 1145 debita
1066 1115 1256 1145 maturitate
1295 1117 1326 1145 et
1365 1113 1544 1157 diligencia
1582 1116 1757 1156 recensitis
1794 1112 1834 1146 ‹le
1873 1112 2035 1146 dictorum
2073 1112 2260 1146 auditorum

396 1179 584 1208 nostrorum
629 1173 768 1207 consilio
812 1178 844 1206 et
885 1184 1037 1215 assensu.
1070 1172 1188 1218 quibus
1231 1174 1271 1206 de
1315 1173 1503 1207 huiusmodi
1541 1185 1643 1207 cause
1679 1177 1806 1207 meritis
1844 1174 2048 1207 relacionem
2078 1173 2260 1220 plenariam

397 1236 538 1268 l'ecimus
569 1239 598 1267 et
631 1234 774 1269 lidelem.
806 1233 984 1279 habitaque
1015 1238 1101 1268 inter
1131 1246 1191 1268 nos
1232 1246 1294 1268 una
1334 1246 1407 1268 cum
1445 1235 1569 1268 eisdem
1610 1234 1858 1269 deliberacione
1888 1239 2015 1268 matura
2045 1234 2085 1268 ad
2115 1239 2262 1269 nostram

396 1300 424 1330 in
470 1299 616 1342 presenti
661 1306 760 1329 causa
805 1295 1013 1329 diffinitivam
1059 1299 1089 1329 in
1133 1299 1266 1341 scriptis
1310 1296 1483 1329 ferendam
1523 1299 1728 1329 s‹·ut‹.=nciam
1769 1296 1923 1330 duximus
1952 1294 2203 1342 procedendum
2233 1299 2266 1329 et

396 1359 623 1403 processimus
667 1368 808 1401 eamque
854 1368 911 1402 per
954 1368 1004 1393 ea,
1045 1368 1108 1402 que
1153 1357 1295 1390 vidimus
1334 1362 1366 1390 et
1395 1360 1620 1401 cognovimus
1659 1362 1691 1390 et
1720 1357 1760 1390 de
1791 1359 1936 1402 presenti
1966 1359 2204 1401 cognoscimus
2233 1360 2265 1390 et

399 1418 563 1451 videmus.
597 1421 626 1450 iu
657 1420 790 1462 scriptis
821 1417 953 1451 tulimus
983 1423 1012 1450 et
1044 1418 1256 1463 presentibus
1288 1418 1424 1451 serimus
1455 1420 1487 1451 in
1517 1417 1603 1451 bunc
1634 1418 1776 1451 modum.
1809 1416 1932 1451 Christi
1952 1419 2086 1451 nomine
2106 1419 2265 1451 invocato

398 1490 458 1524 pro
502 1477 656 1511 tribunali
700 1478 857 1512 sedentes
901 1483 930 1511 et
970 1479 1075 1512 solum
1120 1479 1216 1512 deum
1261 1490 1320 1524 pre
1363 1479 1469 1513 oculis
1509 1478 1671 1512 habentes
1707 1478 1747 1512 dc
1786 1479 1994 1512 dominorum
2033 1477 2263 1512 coauditorum

399 1544 588 1573 nostrorum
620 1540 760 1572 consilio
798 1544 827 1573 et
867 1551 1007 1574 assensu
1045 1552 1103 1585 per
1142 1540 1227 1573 hanc
1266 1544 1413 1573 nostram
1453 1540 1660 1573 dislinitivam
1691 1542 1909 1578 sentenciam„
1939 1550 2036 1584 quam
2067 1538 2204 1572 serimus
2234 1541 2266 1572 in

401 1600 462 1634 biis
501 1603 645 1646 scriptis,
679 1604 936 1646 pronunciamus
975 1601 1187 1634 decernimus
1227 1605 1255 1633 ct
1293 1601 1504 1634 declarannis
1544 1604 1712 1639 unionem.
1743 1603 1968 1634 annexionem
2002 1604 2035 1633 et
2062 1602 2266 1646 incorpora—

399 1665 529 1695 cionem
563 1674 621 1707 per
651 1662 817 1695 dominum
850 1667 998 1696 nostrum
1031 1662 1237 1695 Bonil'acium
1270 1674 1387 1707 papam
1419 1673 1541 1696 nonum
1573 1662 1613 1695 de
1644 1661 1729 1695 dicta
1759 1661 1960 1707 parrochiali
1991 1661 2132 1695 ecclesia
2162 1663 2269 1694 sancti

399 1722 516 1756 Jacobi
548 1726 576 1755 in
611 1723 756 1760 Brutina„
788 1724 1022 1757 Oloniueensis
1052 1724 1209 1759 diocesis.
1241 1723 1399 1768 predictis
1429 1722 1610 1760 abbatisse.
1641 1721 1841 1756 monialibus
1879 1726 1911 1756 ct
1940 1725 2144 1756 monasterio
2173 1721 2269 1756 vallis

401 1789 516 1817 sancte
547 1784 651 1817 Marie
682 1785 722 1817 ile
753 1785 888 1818 (lslavia
921 1785 1025 1818 factas
1055 1789 1085 1817 et
1116 1787 1226 1817 omnia
1257 1785 1333 1817 inde
1363 1789 1476 1818 secuta
1508 1785 1611 1817 fuisse
1649 1789 1679 1817 et
1719 1795 1795 1817 esse
1825 1786 2005 1817 canonicas
2034 1787 2067 1816 et-
2095 1785 2269 1825 canonica,

401 1855 564 1889 suumque
595 1844 739 1878 debitum
771 1845 927 1879 debuisse
957 1850 986 1877 et
1019 1845 1144 1878 debere
1173 1848 1283 1878 sortiri
1315 1845 1482 1882 ell'ectum„
1513 1845 1701 1890 (liciumque
1738 1844 1982 1890 parrochialem
2021 1843 2200 1878 ecclesiam
2229 1843 2269 1877 ad

403 1905 582 1950 prelibatas
599 1906 749 1939 dominas
767 1906 967 1939 abbatissam
985 1911 1014 1939 et
1033 1910 1236 1939 conventum
1254 1910 1285 1939 et
1302 1906 1422 1939 dietum
1441 1918 1554 1939 earum
1574 1909 1811 1939 monasterium
1828 1910 2001 1951 spectasse
2022 1910 2054 1938 et
2070 1907 2270 1951 pertinuisse

403 1979 440 1998 ae
463 1972 618 2012 spectare
640 1972 668 1998 et
694 1970 861 2012 pertinere
893 1967 933 2000 de
958 1969 1047 2011 jure.
1078 1967 1206 2012 sibique
1237 1967 1377 2000 eamlem
1402 1968 1579 2001 eeclesiam
1608 1967 1862 2011 adjudieamlam
1885 1966 1957 2000 l'ore
1977 1970 2007 1999 et
2029 1966 2271 2010 adjudicamus,

403 2027 565 2072 dictisque
603 2028 736 2061 ‹loniino
774 2032 944 2074 preposito
981 2033 1008 2061 et
1050 2029 1195 2073 capitulo
1235 2040 1274 2061 ae
1313 2028 1470 2061 (onrado
1501 2031 1664 2061 canonico
1694 2027 1864 2072 prelibatis
1895 2030 1924 2061 in
1955 2027 2040 2060 dicta
2071 2026 2273 2073 parrochiali

402 2088 545 2121 eeclesia
577 2100 634 2121 seu
666 2090 703 2121 ad
736 2101 807 2122 eam
840 2089 960 2122 nullum
987 2091 1041 2132 jus
1073 2092 1287 2134 eompetiisse
1317 2101 1376 2122 seu
1407 2094 1617 2135 competere.
1652 2091 1966 2134 opposicionesuue,
2000 2088 2271 2130 molestaciones,

405 2152 625 2186 xexaeioues.
657 2149 933 2194 perturlmeiones
964 2154 992 2181 et
1025 2150 1260 2194 impedimenta
1294 2150 1462 2196 predictas
1502 2155 1529 2182 et
1575 2150 1724 2195 predicta
1765 2150 1867 2183 fuisse
1898 2154 1929 2182 et
1958 2161 2034 2182 esse
2064 2151 2273 2191 temerarias,

404 2210 531 2241 illu-uns
563 2215 590 2241 et
625 2212 772 2253 injustas.
806 2214 995 2245 temeraria.
1027 2211 1136 2243 illicita
1159 2215 1188 2242 et
1213 2213 1343 2254 injusta,
1368 2224 1406 2243 ae
1428 2212 1468 2244 de
1491 2211 1579 2243 l'aeto
1602 2215 1812 2256 pri-sumptas
1833 2214 1862 2242 et
1886 2214 2090 2255 presumpta,
2111 2209 2274 2255 dictisque

405 2270 544 2303 dominis
577 2274 746 2316 preposito
777 2277 804 2302 et
837 2273 980 2317 capitulo
1011 2284 1049 2304 ac
1080 2272 1235 2304 Conrado
1266 2275 1430 2305 canonico
1462 2275 1503 2305 in.
1535 2271 1576 2304 de
1607 2276 1638 2304 et
1668 2282 1768 2316 super
1797 2270 2083 2316 opposicionibus,
2110 2269 2274 2304 molesta-

405 2331 553 2363 eiombus·
587 2332 840 2366 xexaeionibus.
873 2332 1184 2377 perturbacionibus
1217 2337 1244 2364 et
1279 2333 1525 2378 impedimentis
1555 2345 1592 2365 ae
1625 2332 1823 2377 parrochiali
1846 2332 1990 2365 ecclesia
2013 2331 2170 2377 predictis
2191 2341 2275 2376 pel·-

407 2397 538 2437 petuum
584 2395 754 2426 siti—neuim
802 2394 1034 2438 imponendum
1082 2394 1153 2426 l'ore
1192 2398 1223 2426 et
1263 2396 1483 2438 inmunitatis-2
1528 2406 1586 2427 eos
1627 2394 1768 2438 denique
1808 2394 1963 2427 domiuus
2002 2394 2206 2438 prepositum
2245 2396 2277 2425 et

404 2454 583 2498 capitulum
616 2467 652 2484 m>
685 2455 872 2487 (euraclum
905 2459 1100 2487 canonicum
1135 2455 1314 2499 prelibatos
1347 2457 1375 2487 iu
1408 2458 1574 2500 expensis
1605 2458 1633 2487 in
1666 2454 1851 2487 huiusmodi
1882 2465 1982 2487 causa
2014 2453 2162 2497 legitime
2183 2452 2278 2487 factis

404 2514 701 2559 condeuipnaudos
735 2516 804 2547 toi-e
834 2521 862 2547 et
895 2516 1192 2560 eomlempnamus,
1228 2527 1366 2560 «piarum
1409 2527 1638 2560 expensarum
1677 2518 1887 2548 taxaeionem
1929 2513 2024 2547 uobis
2063 2516 2278 2559 imposterum

407 2586 633 2607 reserxzmius.
667 2575 699 2607 lu
732 2588 870 2618 «piorum
903 2579 1047 2609 omnium
1079 2581 1107 2607 et
1141 2577 1347 2618 singulorum
1387 2576 1482 2609 iidem
1515 2582 1541 2608 et
1578 2579 1799 2610 testimonium
1835 2578 2074 2620 premissorum
2106 2578 2281 2621 presentes

406 2640 537 2668 nostras
569 2636 680 2668 literas
711 2647 767 2668 seu
801 2648 938 2680 presens
970 2636 1134 2681 publicum
1167 2640 1433 2674 instrum-utum.
1460 2636 1648 2670 huiusmodi
1671 2641 1817 2670 nostram
1842 2635 2052 2669 ilil'linitivam
2075 2637 2281 2669 sentenciam

410 2699 438 2728 in
483 2709 518 2728 se
562 2700 771 2729 continentes
815 2709 872 2729 sen
917 2701 1102 2731 continens.
1149 2697 1271 2730 exinde
1317 2697 1385 2730 lieri
1431 2702 1458 2730 et
1501 2709 1560 2743 per
1600 2697 1868 2730 Barttiotomvum
1911 2699 2073 2729 notarium
2113 2695 2277 2741 publicum
