2347 3153
1230 170 1304 204 494

334 285 421 313 tutus
451 283 619 325 exposuit.
650 279 791 323 qualiter
822 281 891 323 ipse
930 277 968 309 ad
1000 276 1102 309 divini
1133 275 1238 308 cultus
1277 279 1505 319 augmentum.
1545 286 1606 308 sue
1636 274 1751 308 salutis
1780 277 2022 308 incrementum
2061 279 2092 308 et
2123 277 2202 308 ani-

333 352 460 374 marum
505 345 676 386 parentum
722 350 856 372 suorum
897 337 1081 371 remedium
1126 339 1157 369 iu
1200 336 1322 382 oppido
1363 335 1505 381 Lippnik
1548 340 1662 369 nostre
1706 335 1851 369 diocesis
1894 335 1979 381 apud
2023 335 2202 369 ecclesiam

333 401 560 447 parochialem
592 404 696 434 sancti
725 398 841 433 Jacobi
873 410 962 431 nove
1000 398 1210 431 fundacionis
1249 397 1289 430 de
1333 396 1453 430 nobilis
1490 399 1552 430 viri
1591 396 1714 430 domini
1743 395 1931 430 Laczlzonis
1969 395 2010 429 de
2037 395 2203 429 Krawarz

332 465 440 508 patrui
471 465 573 496 nostri
604 462 802 495 charissimi.
834 460 983 503 ejusdem
1015 459 1078 492 loci
1108 459 1231 491 domini
1263 458 1470 503 temporalis.
1493 468 1625 491 necnon
1645 460 1751 490 eciam
1773 457 1909 491 discreti
1930 459 1993 490 viri
2014 456 2202 498 Laurencii,

332 527 475 557 rectoris
506 523 651 556 ecclesie
680 522 860 555 antedicte.
891 525 969 553 nutu
1001 525 1031 553 et
1063 530 1228 565 expresso
1267 529 1436 552 consensu
1467 518 1631 563 quandam
1662 517 1823 563 capellam
1852 517 2097 562 gloriosissime
2125 521 2204 552 vir-

334 587 422 629 ginis
450 584 568 618 Marie.
600 584 778 617 salvatoris
822 585 925 616 nostri
965 584 1150 625 genitricis.
1191 583 1276 614 sicut
1314 579 1542 623 archangelus
1573 578 1709 612 Gabriel
1746 581 2019 613 incarnacionem
2054 578 2204 623 ejusdem

336 645 516 678 salva'ioris
547 648 575 677 ei
606 645 762 677 divinitus
794 646 968 677 intimavit.
1001 642 1149 675 fundavit
1180 646 1211 674 et
1241 644 1350 674 erexit
1381 645 1413 674 et
1443 640 1483 674 de
1514 644 1582 674 suis
1612 640 1836 674 heredetariis
1865 639 1961 674 bonis
1985 642 2082 685 juxta
2111 651 2205 674 suam

334 706 525 739 facultatmn
557 706 693 739 dotauit.
725 716 826 751 super
855 704 972 749 quibus
1003 706 1109 736 eciam
1139 703 1254 736 literas
1284 713 1362 735 suas
1395 706 1547 747 patentes
1577 700 1672 734 nobis
1702 700 1862 736 exhibuit.
1888 701 2056 735 humiliter
2075 705 2205 747 petens,

335 768 470 800 easdem
502 779 561 813 per
591 778 651 800 nos
681 769 879 800 auctoritate
909 765 1077 799 ordinaria
1108 763 1302 797 confirmari
1341 768 1371 796 et
1404 763 1525 796 dictam
1565 762 1727 808 capellam
1766 766 1813 796 sic
1852 763 1996 796 dotatam
2028 765 2059 796 in
2088 762 2205 796 eccle-

335 832 503 862 siasticum
543 828 741 862 beneficium
778 831 912 871 erigere
950 829 1120 871 graciose.
1158 826 1252 868 cujus
1290 824 1423 869 quidem
1463 824 1684 858 fundacmnis.
1724 826 1911 857 ereccionis
1949 828 1981 858 et
2019 823 2206 858 dotacionis

336 890 430 922 litere
461 894 558 923 tenor
587 889 628 922 de
658 888 762 922 xerbo
793 888 832 921 ad
864 886 1005 921 verbum
1045 889 1195 932 sequitur
1225 890 1257 919 et
1286 891 1335 920 est
1378 886 1470 919 talis:
1521 885 1555 918 ln
1586 888 1720 918 nomine
1750 885 1874 918 domini
1903 896 2013 919 amen.
2069 883 2206 919 Boczko

335 951 374 983 de
406 950 532 984 Labuth
572 955 635 984 etc.
695 950 814 983 Datum
855 953 884 982 in
915 948 1123 982 Ilell'enstain
1163 958 1250 981 anno
1290 948 1413 980 domini
1446 946 1623 980 millesimo
1653 946 1986 991 quadringentesimo
2015 950 2126 980 sexto.
2155 945 2208 979 die

335 1016 457 1045 octavo
488 1015 612 1045 mensis
642 1010 853 1044 Decembris.
885 1009 983 1047 ÷('od.
1016 1009 1092 1055 dipl.
1124 1008 1214 1043 XIII.
1246 1020 1276 1042 n.
1310 1008 1411 1042 Man

493 1072 561 1106 Nos
592 1076 691 1117 igitur
721 1075 830 1105 animo
861 1071 1056 1105 deliberato.
1088 1081 1170 1104 sano
1202 1073 1309 1103 eciam
1346 1069 1489 1103 fidelium
1520 1074 1710 1103 nostrorum
1740 1069 1924 1102 accedente
1953 1068 2093 1103 consilio
2122 1078 2207 1115 per-

338 1135 535 1180 pendentes.
566 1137 627 1180 piis
657 1134 753 1167 factis
784 1138 936 1179 prestare
972 1132 1159 1165 consultum
1198 1142 1265 1164 non
1305 1142 1381 1164 esse
1419 1131 1564 1164 alienum
1601 1130 1822 1164 antecedente
1861 1129 1972 1163 divina
2003 1129 2058 1175 (Ῡ)
2088 1129 2208 1163 dictam

336 1195 465 1228 literam
498 1195 718 1229 suinlacismis.
751 1197 940 1228 creceionis
970 1198 1000 1227 et
1032 1193 1217 1226 dotacionis
1249 1195 1278 1225 in
1311 1191 1466 1225 omnibus
1503 1194 1571 1224 suis
1602 1194 1744 1236 punctis.
1783 1191 1930 1224 articulis
1960 1195 1992 1224 et
2029 1193 2210 1225 sentenciis

338 1256 588 1290 confirmannis.
620 1256 808 1301 dictamque
838 1255 999 1301 capellam
1031 1265 1093 1288 una
1124 1265 1197 1288 cum
1230 1252 1387 1287 censibus
1418 1258 1447 1286 et
1479 1255 1695 1298 pertinenciis
1725 1255 1805 1287 suis.
1835 1257 1933 1298 prout
1962 1256 1993 1286 in
2023 1255 2093 1298 ipsa
2113 1252 2210 1286 litera

337 1318 548 1351 fnndacionis
579 1321 824 1363 exprimuntur.
855 1319 1052 1349 auctoritate
1083 1315 1241 1360 deinceps
1272 1312 1505 1348 ecclesiaslica
1536 1318 1566 1346 et
1598 1313 1781 1347 ordinaria.
1803 1325 1865 1358 qua
1888 1313 2066 1358 fungimur,
2088 1312 2210 1348 Christi

336 1382 471 1412 nomine
493 1382 662 1412 invocato.
693 1382 723 1412 in
753 1377 952 1412 beneficium
983 1377 1249 1410 ecclesiasticum
1281 1378 1452 1419 erigimus.
1475 1375 1709 1408 decernentes.
1732 1374 1939 1420 capellanum
1962 1374 2048 1408 dicte
2069 1374 2210 1420 capelle,

339 1444 392 1485 qui
424 1451 483 1485 pro
513 1444 665 1485 tempore
696 1439 805 1472 suerit.
837 1449 978 1471 unacum
1010 1437 1105 1471 bonis
1136 1442 1165 1469 et
1198 1436 1381 1470 redditibus
1416 1436 1580 1482 deputatis
1610 1436 1768 1481 deinceps
1798 1435 2028 1469 ecclesiastica
2059 1434 2211 1469 libertate

337 1500 500 1546 gaudere.
558 1500 593 1534 In
637 1512 775 1546 quorum
821 1502 966 1532 oninium
1007 1503 1037 1531 et
1076 1498 1284 1542 singulorum
1327 1497 1423 1530 lideni
1455 1502 1484 1530 ct
1516 1496 1618 1530 robur
1647 1497 1792 1541 sigillum
1823 1501 1972 1530 nostrum
2003 1496 2044 1530 de
2073 1496 2211 1542 speciali

339 1567 455 1595 nostro
487 1562 640 1595 mandato
670 1560 882 1607 presentibus
912 1565 960 1594 est
1001 1570 1197 1606 appensum.
1258 1559 1376 1592 Datum
1410 1562 1440 1592 in
1472 1558 1610 1591 otmucz
1646 1569 1733 1591 anno
1763 1558 1885 1591 domini
1916 1557 2091 1591 millesimo
2121 1568 2211 1603 qua-

339 1623 605 1668 drineentesimo
635 1625 789 1668 septimo.
820 1622 872 1655 die
902 1622 1031 1655 decima
1062 1624 1187 1654 mensis
1217 1619 1376 1653 Januarii.

652 1694 735 1727 [(3111),
760 1694 854 1727 simpl.
880 1694 914 1718 iin
941 1702 975 1717 111.
1002 1692 1245 1718 Laudi-snrcliive.
1273 1692 1339 1719 Boc,
1367 1700 1394 1719 11,
1420 1692 1448 1719 S,
1476 1692 1583 1717 sunu.)

1232 1838 1338 1874 452.

339 1912 453 1946 §heleb
487 1924 548 1945 ron
580 1911 744 1945 Petselwn
777 1912 843 1944 nm!
870 1912 964 1943 seiae
996 1909 1153 1954 Ehesran
1185 1908 1373 1952 rerlmuft’n
1404 1909 1475 1941 [lem
1499 1907 1596 1940 Hans
1627 1918 1687 1939 ron
1713 1906 1938 1952 Jlessenpacla
1970 1906 2067 1940 ihren
2090 1905 2210 1940 Besitz

853 1984 892 2005 1-11
924 1971 1099 2004 l’etsclnm.
1135 1969 1192 2003 ΠΙ.
1223 1983 1250 2003 s.
1282 1970 1302 2003 Ι.
1339 1968 1395 2002 13.
1427 1969 1560 2002 Januer
1593 1968 1701 2002 1‘107.

489 2032 555 2086 ¹ch
578 2052 693 2086 Swicb
724 2063 790 2085 xon
814 2051 942 2084 l'eczcn
974 2050 1037 2084 und
1070 2053 1157 2083 mein
1189 2049 1348 2082 liansi'rau
1371 2048 1554 2082 Katberina
1586 2051 1640 2081 mil
1662 2048 1748 2081 allen
1770 2059 1893 2082 unsern
1915 2046 2019 2081 erben
2039 2045 2217 2081 wericlien

343 2117 406 2148 und
438 2120 493 2148 tun
524 2114 602 2147 kunt
633 2113 783 2147 oll'enhar
813 2124 854 2146 1111
884 2112 958 2145 dein
990 2112 1057 2157 prii¹
1083 2111 1182 2144 allen.
1215 2110 1267 2144 die
1297 2111 1360 2143 den
1395 2109 1500 2143 seben
1531 2110 1594 2143 und
1626 2109 1729 2143 lieren
1760 2110 1866 2143 lesen.
1896 2109 1956 2143 das
1985 2108 2038 2142 ich
2068 2110 2126 2142 mit
2149 2107 2218 2143 wol

343 2175 556 2209 werdae-him
597 2180 676 2217 mut,
714 2178 768 2208 mit
809 2185 910 2207 unser
949 2174 1056 2207 l'reunt
1098 2177 1159 2206 rat.
1200 2171 1264 2205 und
1296 2183 1335 2204 zu
1370 2171 1430 2204 der
1459 2174 1535 2204 zeit.
1566 2171 1604 2204 da
1637 2174 1700 2203 wir
1730 2171 1789 2204 das
1818 2170 1887 2205 wol
1916 2174 2018 2215 getun
2049 2168 2216 2210 machten,

343 2236 537 2269 w--rliaulet
568 2236 674 2269 baben
706 2247 807 2269 unser
838 2235 936 2268 leben
966 2234 1101 2271 (ξι-109111
1132 2245 1171 2266 zu
1203 2233 1300 2266 l'ecz.
1332 2233 1370 2265 (111
1403 2232 1462 2265 aul'
1487 2242 1651 2277 gesessen
1683 2235 1721 2265 ist
1753 2231 1806 2265 die
1834 2231 1914 2264 weil
1944 2230 2014 2264 Sun
2034 2229 2111 2273 ιΙΕΙΙ,
2141 2229 2216 2264 dem

345 2297 466 2330 erbe-ru
500 2309 573 2330 man
602 2297 737 2330 llonsen
768 2307 846 2329 won
876 2294 1098 2341 Messenpacb
1130 2295 1193 2328 und
1225 2297 1337 2328 scinci·
1369 2293 1550 2327 hausfraun
1581 2297 1704 2337 genunt
1733 2292 1905 2326 Dorothea
1935 2291 1999 2326 und
2029 2291 2116 2325 allen
2146 2293 2219 2325 iren

345 2358 447 2391 erben
481 2362 533 2391 unit
565 2359 647 2391 aller
676 2362 789 2391 seim-r
818 2356 1062 2401 zngclieruiiffl·
1093 2356 1155 2389 und
1189 2359 1242 2388 mit
1274 2355 1372 2389 aliem
1405 2360 1488 2388 niicz
1531 2366 1570 2387 zu
1615 2354 1702 2387 felde
1746 2354 1810 2387 und
1841 2364 1880 2387 zu
1924 2352 2002 2387 darf
2025 2352 2090 2386 und
2136 2351 2221 2386 dar-

345 2430 384 2451 zn
408 2423 460 2452 11111
493 2421 573 2452 aller
604 2419 772 2453 herschal't
805 2419 867 2452 und
899 2418 1026 2451 nii-lites
1056 2428 1242 2461 aus-genum
1274 2428 1326 2450 um
1351 2428 1410 2449 sex
1435 2414 1541 2449 schol<
1561 2427 1612 2459 gr.
1636 2415 1763 2459 l'rager
1784 2414 1922 2460 pfennig
1942 2418 2041 2458 guter
2061 2423 2218 2458 werung,

345 2479 398 2513 dii·
429 2483 491 2513 wir
515 2492 589 2513 won
621 2485 651 2514 in
682 2492 769 2525 gouz
800 2479 863 2513 und
894 2490 956 2516 gar
986 2478 1114 2524 pericht
1144 2478 1207 2511 nnd
1240 2477 1345 2523 pezalt
1376 2479 1436 2510 sei.
1486 2475 1557 2509 Und
1589 2476 1647 2510 das
1678 2479 1868 2521 νοις-(11111111
1897 2474 1995 2508 ichen
2024 2473 2126 2520 globe
2156 2477 2220 2509 wir

345 2543 386 2573 im
418 2553 455 2573 zu
499 2542 580 2574 iri-in
613 2542 674 2574 und
707 2540 919 2587 p=·scliirnn·n
959 2551 1021 2573 vor
1059 2540 1140 2572 aller
1172 2537 1425 2583 nianigleichen
1457 2549 1519 2571 vor
1547 2537 1654 2570 Judcn
1686 2537 1750 2570 und
1782 2547 1844 2569 vor
1873 2535 2020 2578 Kristen,
2062 2534 2128 2570 und
2157 2545 2221 2570 vor

344 2601 429 2635 aller
470 2602 688 2638 margenflab.
730 2602 792 2636 und
832 2601 882 2635 ich
923 2605 1112 2643 vorm-nant
1145 2600 1326 2633 lx'atheriua
1369 2598 1506 2632 verzich
1547 2597 1632 2631 mich
1663 2597 1785 2631 daraul'
1810 2596 1894 2630 aller
1923 2599 2052 2630 incincr
2080 2595 2220 2630 rechten

347 2663 411 2696 und
443 2663 499 2696 dns
530 2663 629 2700 *globa-
660 2663 709 2696 ich
743 2666 795 2696 init
829 2666 915 2696 mein
945 2666 1048 2699 auten
1080 2667 1174 2694 trvnn
1206 2672 1246 2694 an
1277 2661 1369 2694 eides
1399 2664 1474 2693 stat.
1507 2659 1593 2692 wei·
1614 2659 1694 2692 aber
1715 2659 1785 2701 das,
1808 2658 1866 2692 das
1888 2657 1962 2691 dein
1985 2660 2220 2702 vorgcnanlen
