2347 3153
1264 210 1337 244 242

365 329 429 364 que
444 319 531 362 juris
551 322 583 351 et
602 316 765 351 libertatis
788 316 1020 350 ecclesiastice
1049 319 1208 357 existunt,
1239 314 1398 349 antedicti
1423 325 1544 348 census
1568 325 1630 360 per
1655 325 1833 348 censuram
1854 314 2132 360 ecclesiasticam,
2161 315 2238 350 dum

363 384 395 413 et
434 381 595 424 quociens
633 380 865 423 opportunitas
908 377 938 410 id
969 378 1136 420 exegerit.
1167 378 1260 420 exigi
1298 375 1435 409 valeant
1474 379 1506 409 et
1544 377 1682 420 requiri.
1712 372 1779 422 {Jus
1808 386 1893 410 vero
1928 380 2123 423 patronatus
2159 375 2237 410 dicti

363 440 477 473 altaris
506 441 612 473 sancti
643 437 786 484 Spiritus
816 443 846 471 et
876 436 1091 483 presentandi
1121 440 1290 470 rectorem
1320 436 1361 470 ad
1390 435 1481 480 illud,
1512 439 1650 481 quocies
1679 439 1786 482 ipsum
1815 447 1942 471 vacare
1963 439 2155 482 contigerit,
2177 447 2238 484 pro

361 504 434 546 ipso
464 499 598 533 domino
626 498 806 541 Michaele.
836 497 993 543 quamdiu
1036 500 1122 531 vivit
1159 501 1191 531 et
1229 501 1304 543 post
1342 501 1483 531 mortem
1525 500 1629 542 ipsius
1667 507 1728 543 pro
1758 499 1920 543 magistro
1949 500 2073 532 civium
2102 500 2239 532 seniore

362 565 503 607 protunc
539 563 709 603 existenti.
754 563 795 593 ita
839 558 926 604 quod
969 557 1057 592 idem
1102 561 1264 603 magister
1305 561 1428 591 civium
1472 562 1607 592 rectore
1649 558 1764 592 altaris
1806 557 1964 592 defuncto
2003 558 2145 593 cedente
2181 558 2239 593 vel

364 621 549 656 decedente
592 632 691 654 unum
736 631 778 654 ex
821 630 943 653 novem
983 618 1174 653 senioribus
1212 617 1428 664 prebendatis
1466 618 1611 653 ecclesie
1650 618 1886 654 olomucensis
1915 619 2082 654 antedicte
2110 623 2144 654 et
2170 630 2238 654 non

365 683 463 716 alium
493 686 691 727 presentare
721 680 865 723 debebit.
896 683 923 713 si
954 691 1038 713 vero
1075 679 1172 713 alium
1213 684 1435 725 presentaret.
1473 684 1599 714 extunc
1633 681 1712 724 jure
1741 680 1958 726 presentandi
1986 691 2048 727 pro
2077 679 2133 714 illa
2161 682 2239 715 vice

365 742 562 789 privabitur.
593 742 678 787 quod
711 746 787 775 tunc
817 741 857 774 ad
888 745 1055 776 rectorem
1086 741 1178 775 scole
1208 752 1270 786 pro
1309 745 1461 786 tempore
1499 743 1702 775 existentem
1741 751 1803 786 pro
1841 741 1958 775 eadem
1996 744 2073 776 vice
2111 740 2240 776 devol-

364 808 473 846 vatur.
504 803 741 836 instituendum
772 807 803 836 et
833 796 1098 836 confirmandum
1129 801 1168 835 ad
1198 801 1304 835 altare
1330 801 1528 847 predictum⁷
1550 807 1647 848 prout
1667 805 1700 836 in
1720 801 1860 848 prefatis
1879 802 1984 836 literis
2004 806 2238 849 expressatur,

364 876 556 898 reservare.
614 863 685 897 Nos
715 866 818 908 igitur
846 862 1026 897 Hartlehus
1055 863 1096 896 de
1126 862 1226 896 Turri
1255 862 1506 897 administrator
1534 862 1684 908 prefatus
1720 863 1878 897 antedicti
1912 862 2037 897 domini
2063 862 2240 898 Michaelis

364 925 567 959 racionabile
598 927 804 970 propositum
835 929 865 958 et
896 927 983 970 piam
1013 923 1233 958 affeccionem
1263 926 1295 957 in
1325 923 1460 957 domino
1498 927 1700 969 propensius
1736 926 1903 958 intuentes
1940 934 1981 958 ac
2008 923 2177 968 volentes,
2206 928 2240 957 ut
2290 939 2294 942 >

363 987 403 1020 (10
433 986 507 1029 hiis.
538 997 602 1031 que
632 986 736 1019 divini
766 985 874 1019 cultus
904 990 1120 1030 augmentum
1160 989 1192 1019 et
1226 985 1534 1019 ecclesiasticarum
1573 995 1796 1030 personarum
1827 984 2013 1031 profectum
2043 987 2238 1032 respIciunt.

364 1047 515 1081 favorem
547 1058 680 1092 quoque
709 1057 886 1092 possemus
916 1046 1124 1092 impendere.
1155 1050 1252 1092 prout
1281 1048 1452 1080 commissi
1482 1045 1578 1079 nobis
1608 1044 1709 1079 officii
1739 1045 1884 1080 debitum
1905 1048 2013 1091 exigit
2040 1049 2075 1080 et
2092 1048 2239 1080 iniuncta

363 1108 551 1141 sollicitudo
581 1107 744 1153 deposcit,
775 1110 975 1141 auctoritate
1005 1107 1186 1151 ordinaria⁷
1217 1118 1280 1152 qua
1320 1106 1504 1151 fungimur,
1535 1106 1657 1140 dictum
1688 1106 1794 1140 altare
1822 1109 1930 1140 sancti
1959 1105 2105 1153 Spiritus
2139 1109 2237 1140 situm

363 1173 392 1202 et
424 1168 594 1202 fundatum
624 1171 657 1202 in
687 1167 842 1214 hospitali
873 1168 1089 1202 Olomucensi
1128 1171 1159 1202 in
1198 1167 1398 1202 beneficium
1434 1172 1631 1213 perpetuum
1671 1170 1833 1213 erigimus
1871 1172 1905 1202 et
1933 1178 2089 1202 creamus
2117 1177 2240 1202 census

365 1241 498 1275 quoque
527 1234 559 1263 et
589 1233 787 1275 proventus.
818 1229 974 1263 videlicet
1003 1240 1066 1263 sex
1096 1240 1228 1263 marcas
1263 1229 1412 1263 altariste
1452 1233 1483 1262 et
1521 1231 1697 1274 septimam
1726 1239 1874 1263 marcam
1913 1239 1974 1274 pro
2002 1231 2239 1263 anniversario

363 1294 416 1336 pie
446 1293 608 1324 memorie
638 1289 815 1333 Peskonis.
846 1295 942 1336 prout
973 1293 1128 1336 superius
1157 1295 1413 1336 expressamur‚
1445 1289 1555 1325 eidem
1586 1290 1683 1324 altari
1721 1294 1828 1324 sancti
1867 1289 2011 1336 Spiritus
2040 1289 2080 1324 ad
2114 1282 2240 1336 prefati

362 1352 485 1385 domini
514 1350 690 1385 Michaelis
720 1353 917 1385 instanciam
948 1362 987 1385 ac
1017 1354 1080 1397 ipsi
1111 1351 1246 1385 domino
1274 1351 1444 1395 Michaeli7
1476 1351 1632 1397 quamdiu
1669 1353 1753 1384 vivit
1791 1355 1823 1385 et
1859 1355 1934 1397 post
1964 1355 2107 1385 mortem
2136 1352 2240 1397 ipsius

361 1415 522 1457 magistro
562 1414 685 1445 civium
725 1414 850 1445 seniori
888 1416 1030 1458 protunc
1069 1415 1227 1446 existenti
1265 1423 1358 1446 more
1388 1417 1421 1446 et
1450 1412 1569 1446 forma.
1600 1417 1697 1458 prout
1740 1415 1894 1458 superius
1926 1415 2160 1458 expressatur‚
2184 1411 2241 1456 jus

363 1477 558 1519 patronatus
589 1477 620 1506 et
645 1474 701 1516 jus
731 1473 947 1518 presentandi
977 1477 1146 1507 rectorem
1185 1474 1225 1507 ad
1262 1473 1384 1507 dictum
1424 1474 1541 1517 altare,
1572 1476 1711 1519 quocies
1745 1478 1775 1507 et
1806 1473 1939 1518 quando
1969 1483 2095 1507 vacare
2124 1475 2239 1507 conti-

361 1537 461 1578 gerit.
505 1539 735 1576 reservanteS.
779 1536 1035 1579 incorporamus
1078 1539 1142 1568 etc.
1186 1539 1349 1580 perpetuo
1392 1539 1578 1569 statuentes
1617 1534 1739 1577 edicto.
1783 1534 1871 1580 quod
1915 1533 2073 1568 antedicti
2116 1543 2240 1568 census

365 1594 548 1629 secundum
579 1606 653 1628 eum
686 1605 817 1628 omnem
850 1594 995 1637 moduni.
1026 1598 1080 1640 qui
1118 1598 1272 1641 superius
1309 1600 1541 1642 expressatnr.
1581 1596 1736 1629 ammodo
1775 1600 1808 1629 et
1837 1598 1970 1629 inantea
2009 1594 2240 1629 ecclesiastice

365 1656 510 1690 libertati
541 1654 748 1697 subiaceant.
778 1655 935 1701 quodque
964 1667 1025 1702 per
1054 1667 1171 1690 omnes
1201 1661 1353 1691 rectores
1385 1656 1463 1690 dicti
1500 1657 1625 1699 altaris,
1655 1656 1730 1690 dum
1771 1661 1803 1690 ct
1841 1656 1974 1702 quando
2009 1657 2240 1702 opportunitas

367 1717 396 1750 id
427 1719 584 1761 exigerit.
616 1727 676 1762 per
705 1727 882 1750 censuram
915 1717 1180 1752 ecclesiasticam
1221 1721 1312 1763 exigi
1351 1718 1486 1751 valeant
1525 1722 1556 1751 et
1596 1720 1731 1763 requiri.
1789 1716 1824 1751 In
1861 1728 2002 1762 quorum
2031 1719 2178 1751 omnium
2207 1719 2241 1750 et

366 1777 573 1822 singulorum
605 1780 832 1811 testimonium
863 1783 1039 1823 presentes
1068 1778 1181 1812 literas
1211 1778 1284 1812 fieri
1323 1783 1355 1812 et
1393 1789 1452 1824 per
1482 1777 1593 1812 Vitum
1631 1778 1672 1812 (10
1710 1778 1890 1824 Loinpnicz
1927 1780 2093 1812 notarium
2127 1776 2239 1812 infra-

365 1840 523 1883 scriptum
554 1837 715 1883 publicari
745 1839 911 1884 sigillique
940 1842 1122 1873 vicariatus
1161 1839 1307 1874 ecclesie
1337 1840 1575 1873 Olomucensis
1604 1843 1810 1885 appensione
1834 1840 1998 1883 jussimus
2026 1840 2238 1873 communiri.

366 1898 485 1932 Datum
515 1903 549 1931 et
577 1904 686 1932 actum
718 1902 747 1932 in
779 1900 878 1934 domo
908 1899 1130 1934 habitacionis
1159 1905 1274 1935 nostre
1305 1904 1335 1934 111
1365 1900 1522 1947 preurbio
1545 1900 1762 1934 Olomucensi
1792 1912 1880 1935 anno
1910 1901 2035 1935 domini
2064 1899 2239 1934 millesimo

365 1960 697 2004 quadringentesimo
727 1961 888 2004 secundo.
915 1961 1104 1995 indiccione
1135 1961 1277 2005 decima,
1304 1962 1357 1995 die
1387 1964 1500 1995 martis
1521 1960 1615 1995 Xlllt
1646 1964 1771 1995 niensis
1792 1960 2009 2003 Novembris,
2039 1960 2122 1995 hora
2151 1969 2239 1995 nona

367 2020 419 2054 vel
449 2024 556 2066 quasi,
586 2020 797 2066 pontificatus
826 2025 1028 2056 sanctissimi
1069 2025 1100 2056 in
1140 2021 1274 2057 Christo
1313 2026 1414 2069 patris
1453 2034 1492 2056 ac
1521 2023 1644 2056 (101111111
1675 2026 1778 2057 nostri
1809 2023 1934 2057 domini
1962 2021 2127 2057 Bonifacii
2154 2032 2240 2069 pape

366 2084 442 2114 110111
485 2092 572 2115 anno
615 2082 906 2127 quatuordecimo.
965 2082 1180 2118 presentibus
1224 2083 1476 2118 honorabilibus
1518 2088 1550 2117 et
1589 2083 1743 2117 discretis
1782 2086 1866 2118 viris
1895 2084 2038 2118 dominis
2066 2082 2240 2130 Stephano

365 2145 529 2176 vaunnico
560 2143 705 2176 00010510
737 2143 983 2187 (110111110011515,
1015 2144 1114 2178 Petro
1144 2145 1291 2179 altarista
1322 2148 1353 2178 111
1383 2145 1527 2179 ecclesia
1558 2150 1674 2178 sancte
1703 2144 1810 2179 Marie
1844 2148 1875 2179 in
1905 2144 2063 2191 preurbio
2093 2143 2239 2179 Olomu-

365 2206 468 2235 censi.
509 2202 638 2236 Jacobn
678 2204 718 2237 (10
748 2203 939 2238 Kuczerow
970 2209 1002 2238 et
1030 2205 1186 2239 Jobanne
1216 2205 1257 2240 de
1287 2205 1475 2251 Steruberg
1505 2206 1637 2240 clericis
1668 2207 1904 2241 olomucensis
1925 2206 2071 2241 diocesis
2098 2205 2239 2253 publicis

367 2264 527 2308 imperiali
559 2267 758 2298 auctoritate
789 2268 928 2299 notariis
959 2265 1099 2299 testibus
1129 2266 1168 2299 ad
1199 2270 1362 2312 premissa
1394 2269 1523 2300 vocatis
1552 2267 1745 2312 specialiter
1774 2272 1807 2301 et
1835 2270 1975 2312 rogatis.

522 2324 559 2357 Et
591 2337 656 2369 ego
688 2325 783 2359 Vitus
813 2326 980 2371 quondam
1011 2325 1098 2360 Petri
1129 2327 1170 2361 de
1200 2327 1380 2373 Lompnicz
1419 2327 1562 2361 clericus
1602 2331 1780 2374 pragensis
1818 2327 1963 2362 diocesis
1992 2327 2144 2374 publicus
2172 2332 2236 2362 etc.

365 2388 513 2418 notarius
544 2389 848 2432 suprascriptarum
879 2387 1048 2421 literarum
1080 2387 1284 2422 exhibicioni
1315 2393 1378 2422 etc.
1411 2388 1544 2422 interfui
1575 2393 1638 2422 010.

678 2467 768 2497 (orig.
797 2467 879 2498 Ιίτμ.
906 2467 932 2495 li,
958 2467 1017 2498 sig,
1043 2468 1078 2492 iin
1106 2468 1179 2495 mini,
1206 2465 1432 2504 stzuttarctiive.)
