2347 3153
1287 221 1360 255 2113

388 329 576 363 huiusmodi
606 332 747 362 termino
777 339 836 374 pro
865 327 1013 373 partibus
1043 329 1110 360 suis
1140 325 1380 359 satisfaciendo
1410 324 1585 358 nonnullas
1615 326 1842 369 excepciones
1862 323 1970 357 lacto
2001 327 2033 356 et
2063 325 2094 356 in
2123 325 2256 368 scriptis

388 394 504 424 contra
534 394 565 423 et
595 390 759 423 adversus
788 389 923 422 alterius
957 390 1060 433 partis
1090 389 1282 432 posiciones
1312 391 1343 419 et
1373 385 1530 419 articulos
1560 383 1710 418 exhibuit
1739 388 1838 429 atque
1868 383 1970 425 dedit,
2000 382 2150 429 prefatus
2179 387 2257 416 tunc

387 451 540 484 dominns
570 450 727 484 Nicolaus
757 452 934 495 episcopus
965 452 995 481 et
1025 447 1155 480 auditor
1184 447 1305 480 dictum
1340 449 1534 491 magistrum
1563 445 1751 479 Johannem
1782 449 2035 490 procuratorem
2065 455 2131 478 non
2157 454 2258 477 com-

388 516 573 557 parentem.
605 510 713 544 debite
735 515 844 543 tamen
866 513 1089 554 expectatum.
1112 511 1278 553 reputavit
1301 510 1432 550 merito.
1454 511 1551 552 prout
1573 510 1655 549 erat,
1678 509 1838 551 exigente
1855 506 1990 549 justicia
2011 509 2256 539 contumacem.

389 572 541 617 Denique
570 575 712 605 instante
742 576 771 604 et
802 575 935 616 petente
965 570 1052 602 dicto
1074 571 1235 613 magistro
1266 568 1450 602 Wilhelmo
1479 572 1700 614 procuratore
1720 566 1807 600 idern
1829 566 1983 600 dominus
2013 568 2192 612 episeopus
2222 570 2255 599 et

387 633 518 666 auditor
547 633 685 679 prel'atis
715 634 882 675 magistris
920 630 1103 663 wilhelmo
1133 634 1164 663 et
1193 629 1337 663 Johanni
1367 627 1643 675 procuratoribus
1673 627 1794 661 ibidem
1826 626 2039 673 presentibus
2069 631 2101 660 et.
2128 626 2257 660 intelli·-

386 693 542 739 gentibus
572 693 610 726 ad
641 692 890 739 producendum
922 696 952 724 et
982 691 1121 737 produci
1151 690 1330 724 videndum
1361 693 1472 724 onmia
1494 694 1525 723 et
1550 689 1683 734 singula
1709 690 1799 733 jura,
1831 693 1918 731 acta,
1949 691 2102 729 1111111113,
2128 688 2253 731 literas,

389 758 583 800 scripturas.
622 765 801 800 processus
837 757 866 785 et
905 757 1018 785 cetera
1059 754 1274 794 111111111111·11111,
1317 751 1434 796 1111111115
1473 754 1517 784 1111
1555 756 1587 785 et
1622 762 1659 784 se
1684 751 1797 794 juvari
1828 749 1968 793 vellent,
1999 752 2031 783 in
2060 748 2125 783 hac
2153 759 2255 783 causa

387 820 514 849 certum
545 817 804 860 peremptorium
835 816 1010 847 terminum
1040 817 1285 858 competentem
1317 812 1408 846 duxit
1439 812 1593 846 hincinde
1623 811 1855 857 prefigendum
1886 815 1919 845 et
1949 810 2093 856 prefixit.
2125 809 2161 844 In
2191 820 2256 856 quo

385 881 642 922 comparuerunt
673 879 702 908 111
730 874 855 919 judicio
884 877 1079 907 successive
1109 884 1222 906 coram
1253 873 1340 906 dicto
1370 874 1503 907 domino
1534 875 1696 919 episcopo
1736 876 1767 906 et
1797 872 1950 906 auditore
1980 874 2132 917 magistri
2160 871 2256 905 Wit-

386 937 514 970 helmns
544 948 587 970 ex
616 948 678 970 una
709 942 738 969 et
769 936 952 977 Jotiannes,
982 939 1220 980 procuratores
1249 934 1388 979 predicti
1419 934 1607 968 nominibus
1637 933 1755 979 quibus
1776 944 1877 979 supra
1899 935 2141 979 procuratoriis
2160 937 2256 978 parte

388 1009 429 1031 ex
469 998 584 1031 altera.
622 1003 652 1030 et
695 998 793 1031 iidem
831 1001 1068 1042 procuratores
1107 994 1294 1029 huiusmodi
1331 999 1473 1030 termino
1514 1007 1574 1042 pro
1604 994 1753 1041 partibus
1784 998 1852 1028 51115
1883 994 2130 1028 satisfacientes
2155 995 2252 1038 Juxta

384 1061 485 1103 ipsius
515 1062 644 1092 termini
685 1061 954 1101 assignacionem
986 1059 1094 1090 onmia
1126 1061 1157 1090 et
1186 1056 1317 1101 singula
1343 1058 1419 1101 jura
1451 1061 1481 1089 et
1511 1059 1728 1093 munimenta.
1759 1059 1789 1089 in
1819 1059 1926 1101 prima
1956 1057 2124 1101 presentis
2153 1065 2255 1089 cause

386 1122 547 1153 instancia
578 1119 738 1165 producta
769 1122 984 1164 repetierunt.
1015 1123 1043 1151 et
1076 1117 1128 1150 hic
1158 1117 1198 1150 de
1227 1128 1317 1151 novo
1348 1117 1503 1151 hincinde
1524 1117 1806 1163 reproduxernnh
1829 1116 1981 1162 prefatus
2003 1121 2081 1150 tnnc
2101 1115 2255 1150 dominus

383 1180 544 1214 Nicotaus
583 1184 759 1226 episcopus
797 1180 927 1213 auditor
962 1179 1000 1212 ad
1041 1179 1116 1212 dicti
1154 1181 1304 1223 mag-istri
1342 1179 1505 1213 ,Iohannis
1541 1181 1771 1224 procuratoris
1814 1180 2013 1211 instanciam
2055 1180 2253 1222 magistrum

385 1241 613 1275 wilielmum.
659 1253 700 1275 ex
740 1241 884 1274 adverso
924 1245 1177 1286 procuratorem
1216 1240 1413 1285 predictum.
1452 1240 1491 1273 ad
1531 1240 1706 1273 dicendum
1746 1244 1779 1273 et
1816 1239 2070 1285 opponendum,
2106 1238 2254 1284 quitquid

381 1302 489 1335 verbo
527 1303 581 1336 vet
620 1306 651 1336 in
689 1305 820 1348 scriptis
859 1307 974 1335 contra
1011 1302 1096 1335 dicta
1125 1302 1202 1343 jura
1239 1305 1270 1334 ct
1310 1304 1511 1334 munimenta
1551 1312 1610 1347 pro
1641 1305 1734 1346 parte
1764 1303 1875 1346 ipsius
1908 1303 2061 1345 magistri
2089 1299 2254 1335 Johannis

381 1367 610 1408 procuratoris
646 1367 677 1397 in
718 1364 904 1407 hujusmodi
943 1374 1043 1396 causa
1084 1367 1115 1395 nt
1155 1362 1323 1408 prefertur
1361 1362 1559 1408 rcproducta
1599 1362 1713 1396 dicere
1744 1367 1775 1395 et
1809 1372 1985 1408 opponere
2013 1361 2163 1405 volebat,
2194 1372 2254 1407 per

381 1428 507 1457 certum
539 1424 614 1457 dicti
654 1425 775 1458 domini
813 1428 915 1457 nostri
952 1435 1036 1470 pape
1073 1434 1246 1457 cursorem
1286 1426 1511 1469 peremptorie
1548 1427 1641 1457 citari
1673 1423 1847 1458 mandavit
1881 1429 1913 1458 et
1942 1424 2023 1458 fecit
2051 1422 2092 1457 ad
2122 1427 2251 1458 certum

380 1488 641 1530 peremptorium
685 1489 859 1519 terminum
904 1489 1161 1530 competentem.
1224 1484 1260 1517 In
1302 1484 1504 1529 quoquidem
1549 1488 1691 1519 termino
1735 1484 2012 1531 comparentibus
2056 1488 2086 1519 in
2125 1485 2253 1529 judicio

379 1549 575 1579 successive
605 1558 718 1580 coram
748 1547 834 1579 dicto
865 1547 997 1579 domino
1028 1549 1187 1591 episcopo
1217 1550 1249 1578 et
1279 1546 1430 1579 auditore
1461 1549 1631 1586 magistris
1662 1546 1846 1580 Wiltietnio
1877 1558 1921 1580 cx
1951 1557 2014 1580 una
2045 1550 2077 1579 et
2096 1546 2252 1580 Johanne

379 1607 652 1652 procuratoribus
683 1607 839 1653 predictis
870 1610 1109 1652 procuratoriis
1139 1606 1339 1642 nominibus.
1371 1607 1488 1652 quihus
1517 1618 1629 1653 supra.
1661 1612 1754 1652 parte
1784 1618 1827 1641 ex
1857 1607 1970 1641 altera
2003 1612 2034 1641 et
2060 1606 2250 1651 hujusmodi

379 1670 521 1701 termino
552 1667 707 1701 hincinde
737 1680 796 1714 pro
828 1669 974 1714 partibus
1004 1671 1071 1701 suis
1101 1668 1394 1702 satisl'acientilnis.
1417 1680 1534 1702 omnes
1555 1673 1585 1701 et
1608 1669 1759 1713 singulas
1783 1671 2016 1714 excepciones
2037 1680 2115 1703 suas
2135 1673 2252 1703 contra

379 1733 409 1761 et
441 1728 606 1763 adversus
635 1729 824 1763 alterutrius
854 1733 954 1775 partis
989 1731 1064 1772 jura
1104 1734 1135 1762 ct
1165 1732 1378 1763 munimenta.
1411 1732 1441 1763 in
1472 1729 1660 1773 hujusmodi
1692 1741 1794 1763 cause
1828 1732 1936 1775 prima
1967 1733 2128 1763 instancia
2158 1730 2252 1764 datas

379 1794 410 1821 et
440 1790 628 1835 productas.
661 1791 887 1836 repetentibus
917 1796 946 1823 et
978 1791 1030 1824 hic
1060 1791 1100 1823 de
1131 1802 1220 1824 novo
1251 1790 1406 1824 hincinde
1437 1790 1675 1836 1111111111111115,
1706 1790 1855 1836 prefatus
1885 1791 2045 1824 dominus
2072 1794 2252 1837 episcopus

379 1855 407 1883 et
440 1851 571 1884 auditor
600 1851 638 1884 ad
669 1853 850 1885 eorundem
882 1856 1117 1892 magistrorum
1149 1851 1320 1885 VVilhelmi
1351 1856 1379 1885 et
1411 1851 1573 1885 Johannis
1594 1856 1855 1897 procuratorum
1879 1855 2044 1886 instantes
2066 1855 2252 1897 peticiones

378 1912 503 1945 eisdem
533 1912 806 1958 procuratoribus
837 1913 957 1946 ibidem
989 1913 1198 1958 presentibus
1229 1917 1259 1945 et
1291 1912 1552 1955 intelligentibus
1585 1918 1613 1946 et
1646 1924 1762 1946 esu-um
1793 1913 1928 1947 cuilibet
1950 1913 1990 1947 ad
2012 1913 2249 1947 declarandum

377 1977 405 2005 et
437 1973 599 2006 declarari
630 1974 823 2009 videndum,
854 1975 999 2019 quitquid
1033 1974 1136 2006 verbo
1169 1974 1222 2006 vel
1255 1977 1285 2006 111
1314 1977 1446 2019 scriptis
1476 1977 1506 2007 in
1538 1974 1725 2007 huiusmodi
1757 1985 1857 2007 causa
1889 1974 2045 2008 hincinde
2075 1974 2250 2008 declarare

377 2033 545 2070 volebant.
584 2039 710 2068 certum
748 2038 1006 2080 111-11111111111111111
1047 2038 1222 2068 terminum
1264 2040 1508 2080 competentem
1550 2035 1682 2080 prelixit
1718 2040 1747 2068 et
1779 2038 1981 2079 assignavit.
2029 2035 2065 2070 In
2095 2047 2162 2081 quo
2191 2047 2251 2082 per

378 2095 514 2128 eosdem
545 2100 781 2140 procuratores
811 2107 924 2128 eoram
955 2097 1072 2128 eodem
1105 2096 1241 2129 111111111111
1274 2095 1412 2129 Nicolao
1442 2099 1601 2142 episcopo
1623 2101 1655 2130 et
1675 2096 1828 2130 auditore
1849 2100 2054 2131 successive
2075 2097 2250 2142 injttdicio

379 2161 612 2201 comparentes
650 2161 681 2189 ct
715 2168 773 2202 pro
812 2157 1048 2190 satisfaccione
1087 2160 1261 2190 terminum
1305 2157 1490 2190 huiusmodi
1530 2169 1590 2203 pro
1629 2157 1777 2203 partibus
1814 2161 1883 2191 suis
1923 2158 1964 2191 de
2003 2169 2068 2192 111111
2103 2158 2250 2192 volendo

376 2217 521 2260 quitquid
554 2220 584 2250 111
615 2221 759 2262 presenti
790 2229 889 2250 cansa
921 2218 1094 2250 declarare
1125 2229 1289 2263 expresse
1321 2217 1477 2252 hincinde
1508 2222 1701 2264 protestatis
1738 2219 1989 2264 111-111111111511111,
2021 2221 2128 2253 cciai'n
2159 2230 2250 2252 non-

375 2277 469 2309 nullis
508 2277 796 2311 declaracionibus
834 2290 872 2310 ac
911 2279 983 2311 aliis
1014 2278 1144 2321 juribus
1185 2283 1214 2311 et
1260 2282 1473 2313 munimentis
1512 2291 1571 2325 per
1607 2280 1728 2313 1111111111
1760 2283 1957 2323 magistrum
1990 2280 2178 2314 Johannem
2209 2280 2250 2314 de

375 2338 545 2371 Scribanis
586 2344 837 2385 procuratorem
878 2342 907 2372 in
948 2339 1009 2372 hac
1049 2352 1147 2372 causa
1185 2340 1272 2373 l'acto
1313 2345 1341 2372 et
1383 2343 1412 2374 in
1451 2344 1583 2386 scriptis
1626 2346 1658 2374 et
1700 2345 1815 2374 contra
1861 2341 1979 2374 eadem
2024 2352 2085 2387 per
2126 2341 2247 2375 dictum

374 2402 571 2436 amiseram
601 2400 816 2434 Wilhelmum
850 2400 915 2433 Leo
946 2406 1196 2446 procuratorem
1234 2406 1262 2434 in
1304 2404 1404 2434 certis
1435 2404 1583 2435 terminis
1613 2401 1653 2434 ad
1685 2402 1748 2435 hoc
1778 2401 2054 2447 competentibus
2084 2402 2250 2436 nonnullis

372 2460 646 2505 exeepeionibus.
679 2465 782 2494 eciam
815 2461 902 2494 sacto
932 2461 1087 2494 exhibitis
1123 2467 1221 2506 atque
1259 2463 1355 2496 datis.
1395 2462 1582 2507 habitisque
1617 2465 1702 2495 inter
1736 2462 1842 2496 dictos
1878 2467 2122 2508 procuratores
2158 2474 2249 2497 non-

373 2521 470 2552 nullis
516 2521 589 2554 aliis
632 2522 889 2555 alteracionibus
935 2527 967 2555 et
1009 2522 1238 2555 dillaeionibus
1274 2527 1304 2556 in
1337 2523 1523 2556 huiusmodi
1562 2534 1661 2556 causa
1697 2535 1771 2557 cum
1810 2523 1938 2557 dierum
1981 2523 2250 2570 competentibus

373 2582 576 2614 interxallis:
610 2582 739 2615 taiulem
778 2582 925 2628 prefatus
962 2583 1114 2615 dominus
1153 2587 1332 2629 episcopus
1371 2589 1400 2617 et
1432 2585 1562 2617 auditor
1600 2584 1639 2617 ad
1679 2584 1754 2617 111111
1787 2587 1937 2629 magistri
1976 2584 2149 2618 Wilhelmi
2179 2584 2247 2618 Leo

372 2646 600 2687 procuratoris
641 2646 834 2676 instanciam
877 2647 1070 2681 uiaeistruni
1108 2644 1294 2677 johannem
1336 2645 1376 2677 de
1415 2645 1589 2679 Sci-ivanis
1624 2650 1877 2691 procuratorem
1910 2657 1952 2679 ex
1984 2645 2131 2679 adverso
2161 2656 2246 2692 pre-

374 2702 497 2735 dictum
530 2704 567 2735 ad
600 2705 865 2737 eoneliulenduni
898 2709 927 2736 et
959 2705 1110 2737 concludi
1138 2705 1316 2738 vidie-ndum
1350 2706 1401 2738 vel
1433 2706 1470 2738 ad
1503 2706 1678 2739 dicendum
1710 2710 1738 2739 et
1771 2717 1904 2740 causam
1938 2705 2192 2746 racionabilch
2219 2707 2246 2740 si
