2347 3153
1286 206 1360 240 ¹250

389 320 418 347 et
450 314 509 348 sub
540 318 633 360 penis
673 314 904 360 infrascriptis.
946 324 1041 358 quam
1073 312 1228 345 videlieet
1262 315 1291 344 in
1323 321 1384 343 vos
1416 310 1586 343 dominum
1616 313 1808 356 episcopum
1841 310 2099 344 Olomuceuseni
2133 312 2186 343 eui
2215 309 2258 343 ob

389 379 621 409 reverenciam
643 380 756 409 vestre
777 374 975 421 pontificalis
998 374 1166 411 die-nitatis
1197 372 1295 405 defen
1320 399 1324 403 .
1350 399 1356 404 .
1381 399 1387 404 .
1420 374 1450 404 in
1480 382 1544 404 vos
1573 371 1655 404 alios
1685 371 1837 405 dominos
1866 371 2077 417 supradictos
2108 381 2255 404 excom-

390 440 628 470 municacionis
671 436 808 469 ferimur
837 439 867 468 iu
908 435 968 468 liiis
1012 437 1157 479 seriptis
1197 436 1257 466 uisi
1301 433 1460 466 feceritis.
1500 432 1586 476 quod
1626 431 1832 474 iiiandamuS,
1863 432 2012 465 districte
2040 433 2257 477 precipimus,

389 502 552 542 quatenus
582 501 726 543 receptis
758 496 969 542 presentiluis
1001 506 1062 528 vos
1092 494 1147 527 vel
1177 497 1367 539 quicunque
1390 521 1395 525 .
1421 519 1425 524 .
1454 520 1460 526 .
1491 492 1618 526 fruetus
1648 492 1796 526 redditus
1825 497 1857 525 et
1876 497 2062 538 proventus
2092 501 2258 536 quorum-

390 570 530 603 cumque
560 558 796 591 benetieiorum
828 556 1136 589 ecelesiasticorum
1160 554 1365 600 prefatorum
1397 553 1607 587 dominorum
1628 552 1790 586 Jobannis
1820 554 1860 586 de
1888 553 2077 594 Malessicz,
2107 550 2256 585 conradi

390 620 430 652 de
460 619 628 653 Zelen'icZ.
658 618 819 651 Joliauiiis
850 617 945 650 Kbel.
976 616 1132 650 Zawissii
1155 643 1161 648 .
1188 644 1193 648 .
1218 620 1285 657 „et
1316 614 1469 648 Mauricii
1487 614 1586 647 Cusel
1615 613 1801 648 debitorum
1831 616 2202 648 excommunicatorum
2226 616 2258 646 et

390 681 428 713 ad
461 684 550 726 ipsos
581 684 770 725 spectantes
800 683 831 710 et
862 681 1068 723 pertinentes
1107 681 1137 710 et
1169 680 1198 710 in
1230 679 1366 709 civitate
1397 675 1571 719 Pragensi.
1603 674 1819 708 (⁷)lomucensi
1848 680 1880 708 et
1908 674 2185 709 Transilvanensi
2216 685 2255 707 ac

391 752 504 775 earnm
545 740 669 773 diocesi
706 743 891 773 existentes
928 742 1061 772 nomine
1085 766 1090 771 .
1114 765 1119 770 .
1145 766 1150 770 .
1183 739 1369 771 arrestetis.
1405 738 1637 781 sequestretis„
1667 735 1870 780 recolligatis
1900 740 1932 769 et
1960 737 2172 769 conservetis
2202 739 2257 768 aut

391 805 563 835 arrestari.
601 803 819 845 sequestrari*
860 800 1011 844 recolligi
1052 804 1082 832 et
1122 800 1320 832 conservari
1358 808 1432 830 eum
1464 797 1643 841 diligencia
1681 796 1808 829 faciatis
1844 808 1905 842 per
1934 796 2061 841 aliquas
2093 805 2257 841 personas

394 863 530 895 idoneas
561 867 589 895 et
613 889 618 894 .
645 890 650 894 .
675 890 680 894 .
711 872 884 906 quousque
915 872 974 906 per
1004 872 1064 893 nos
1095 860 1281 893 ordinatum
1313 858 1423 897 fuerit,
1455 857 1530 902 quid
1553 857 1694 903 deipsis
1724 856 1806 891 fieri‘
1824 856 1944 891 debeat.
1972 862 2003 891 et
2034 856 2130 891 vobis
2159 867 2260 902 super

394 924 455 956 lioe
485 923 571 957 aliud
603 923 795 955 duxerimus
827 922 1091 955 rescribendum.
1131 920 1371 965 compellentes
1401 922 1600 952 auctoritaie
1630 923 1742 952 nostra
1772 930 1833 964 per
1861 929 2037 952 censuram
2069 917 2259 963 ecc(tesia-
2309 917 2312 919 ⁴

391 988 520 1017 stieami
545 1012 550 1016 .
575 1011 580 1015 .
605 1011 610 1016 .
634 994 716 1028 quos
746 983 784 1015 ad
815 986 976 1028 premissa
1008 982 1251 1027 deputaveritis
1281 992 1378 1025 quam
1410 983 1549 1025 quosvis
1578 980 1673 1013 alios.
1704 983 1757 1025 qui
1779 979 1875 1013 vobis
1904 980 1958 1013 vel
1986 984 2136 1014 vestrum
2161 979 2259 1013 alicui

394 1046 513 1077 t'uerint
558 1048 588 1077 iu
633 1043 694 1077 tiae
737 1048 830 1089 parte
874 1042 1017 1076 rebelles
1055 1043 1093 1075 ad
1134 1042 1317 1088 parendum
1355 1040 1452 1074 vobis
1483 1046 1513 1074 et
1551 1041 1646 1075 nobis
1685 1044 1714 1075 in
1744 1043 1918 1087 premissis
1947 1045 1979 1073 ct
2001 1067 2007 1073 .
2032 1067 2038 1073 .
2063 1068 2069 1073 .
2099 1038 2257 1087 auximo)

395 1106 517 1139 brachii
554 1105 715 1139 sei-utaris
753 1104 976 1137 certificantes
1015 1115 1077 1136 vos
1116 1107 1142 1136 si
1183 1103 1309 1137 forsan.
1348 1102 1434 1147 quod
1465 1101 1561 1137 absit.
1602 1106 1632 1136 in
1662 1101 1861 1147 exequendo
1892 1101 2079 1135 huiusmodi
2109 1105 2258 1134 nostrum

397 1168 583 1200 mandatum
614 1166 829 1210 negligentes
860 1165 987 1213 fueritis
1017 1165 1056 1198 ad
1088 1164 1354 1210 publicat-inueni
1387 1163 1548 1196 dictarum
1571 1161 1761 1209 pentarumt
1785 1191 1791 1196 .
1815 1192 1821 1196 .
1846 1191 1850 1196 .
1883 1162 1992 1204 fuerit,
2022 1161 2258 1208 procedemus.

393 1228 491 1261 'l‘ales
521 1239 582 1261 vos
614 1229 714 1271 igitur
743 1230 773 1259 in
803 1229 977 1272 premissis
1008 1225 1182 1261 babentes.
1214 1225 1299 1269 quod
1332 1229 1408 1257 nota
1440 1228 1616 1258 contentus
1637 1236 1694 1258 seu
1722 1223 1934 1268 negligencie
1955 1222 2051 1257 vobis
2072 1222 2260 1257 nullatenus

391 1288 600 1322 aseriliantur
630 1292 695 1321 imo
726 1288 766 1321 de
787 1286 982 1320 obediencia
1005 1291 1079 1332 aput
1104 1315 1109 1320 .
1135 1314 1140 1319 .
1166 1314 1171 1319 .
1204 1291 1312 1319 autem
1345 1285 1495 1318 feceritis
1515 1288 1546 1318 in
1568 1288 1739 1330 premissis
1760 1284 1854 1318 nobis
1875 1296 1934 1330 per
1955 1288 2087 1318 vestras
2108 1287 2259 1329 patentes

391 1351 504 1383 literas
543 1350 658 1383 barum
696 1352 817 1383 seriem
858 1349 911 1381 vel
951 1348 1227 1392 designacioneni
1268 1350 1480 1379 continentes
1515 1351 1568 1380 aut
1599 1349 1853 1380 instrumentum
1883 1345 2047 1392 publicum
2079 1344 2260 1378 moderatis

393 1414 553 1456 expensis
583 1411 696 1444 latoris
725 1422 772 1457 p.
798 1438 803 1443 .
829 1438 834 1442 .
867 1413 1033 1443 intimetis.
1086 1409 1203 1442 Datum
1237 1408 1342 1441 Rome
1372 1407 1432 1440 siib
1462 1407 1572 1451 sigillo
1602 1410 1738 1453 proprio
1767 1407 1854 1441 dicte
1883 1409 1975 1441 curie
2003 1417 2139 1440 camere
2168 1416 2258 1451 apo—

392 1473 520 1505 stolice.
564 1484 628 1517 quo
672 1475 804 1506 utimur.
848 1471 900 1504 die
943 1475 1039 1503 sexta
1084 1472 1207 1502 mensis
1250 1469 1327 1502 Julii
1372 1467 1583 1514 pontificatus
1626 1471 1826 1501 sanctissimi
1861 1470 1892 1501 in
1922 1466 2057 1501 Christo
2095 1469 2198 1513 patris
2229 1471 2261 1500 ei

393 1533 545 1566 domini.
572 1561 606 1566 ..
639 1536 715 1566 noni
756 1544 842 1566 anno
880 1531 1145 1577 quartodecimo.
1205 1530 1281 1563 l'ost
1320 1540 1460 1574 quarum
1505 1529 1637 1574 quidem
1687 1529 1855 1562 literarum
1901 1530 2191 1574 presentacionem
2229 1531 2260 1561 et

395 1597 627 1639 reeepeionem
660 1594 754 1627 nobis
785 1593 952 1626 humiliter
981 1596 1071 1625 extat
1103 1591 1334 1636 supplicatum.
1357 1595 1521 1635 quatenus
1543 1590 1581 1623 ad
1604 1593 1846 1623 exet-ucionem
1868 1589 2050 1623 earundem
2072 1588 2259 1634 procedere

395 1654 641 1693 dignatreniurt
665 1682 670 1688 .
694 1682 700 1687 .
725 1683 730 1687 .
763 1655 914 1687 formam.
948 1652 1016 1686 Nos
1047 1656 1156 1697 itaque
1188 1650 1319 1685 Laczko
1350 1654 1530 1696 episcopus
1561 1651 1729 1696 predictus
1760 1650 1912 1684 volentes
1942 1650 2104 1684 mandatis
2134 1649 2254 1683 liuius-

394 1716 478 1748 uiodi
510 1720 709 1749 reverenter
738 1718 946 1760 superiorum
979 1718 1169 1747 nostrorum
1201 1715 1335 1757 exequi,
1368 1717 1398 1744 ut
1439 1716 1604 1748 tenemur.
1636 1712 1739 1745 dictas
1779 1712 1888 1745 literas
1917 1713 2081 1756 sequestri
2112 1714 2142 1743 et
2174 1709 2260 1744 bunc

393 1782 541 1810 nostrum
574 1781 762 1822 presentem
786 1784 1010 1821 proeessutnii
1034 1803 1039 1807 .
1064 1803 1069 1807 .
1094 1803 1099 1807 .
1124 1773 1220 1807 vobis
1251 1773 1393 1806 dominis
1424 1772 1623 1817 supradictis
1652 1777 1683 1804 et
1712 1771 1845 1805 ciiitibei
1866 1775 2014 1805 vestrum
2037 1782 2075 1805 ac
2105 1769 2261 1804 omnibus

394 1843 422 1869 et
455 1838 594 1877 sing-ulis
625 1838 708 1870 aliis.
739 1837 856 1881 quibus
887 1840 1063 1882 presentes
1093 1836 1274 1880 presentati
1297 1834 1416 1866 fuerint
1442 1833 1494 1866 vel
1516 1836 1570 1877 qui
1593 1836 1713 1866 virtute
1743 1831 1926 1865 eorundem
1957 1834 2106 1877 requisiti
2129 1831 2260 1865 fueritis

392 1904 442 1931 aut
475 1899 557 1931 alter
588 1903 734 1931 vestrum
766 1898 861 1931 fuerit
894 1900 1102 1941 requ‘isitusi
1127 1925 1130 1928 .
1157 1923 1162 1927 .
1189 1924 1192 1928 .
1225 1907 1283 1927 seu
1316 1899 1458 1933 tangere
1489 1897 1609 1939 poterit
1638 1892 1886 1938 quomodolibet
1915 1896 1944 1926 in
1977 1892 2132 1933 futurum,
2162 1894 2257 1926 noti-

394 1960 540 1993 tiramus.
572 1963 776 1993 insinuamus
805 1970 843 1991 ae
873 1959 911 1990 :id
959 1962 1105 1991 vesti-aui
1137 1961 1165 1988 et
1198 1955 1373 1989 cuiuslibet
1405 1960 1555 1988 vestrum
1586 1958 1739 1988 noticiam
1771 1954 1963 1987 deducimus
1994 1964 2054 1999 per
2082 1957 2260 1998 presentes

396 2021 667 2065 prelwudamque
711 2022 920 2066 prepositure
965 2024 993 2050 et
1040 2021 1272 2050 canonicatum
1317 2028 1354 2049 ac
1399 2015 1539 2061 omutia)
1564 2044 1569 2049 .
1596 2043 1600 2048 .
1627 2044 1632 2049 .
1664 2019 1693 2049 iu
1724 2016 1867 2048 eeclesia
1898 2019 1927 2047 et
1964 2015 2089 2048 diocesi
2133 2016 2258 2047 nostris

396 2082 609 2114 ttlouiueeusi
641 2081 773 2114 ubilibet
805 2083 1028 2113 consistentes
1068 2083 1096 2110 et
1129 2081 1354 2110 consisteiieia
1390 2089 1463 2110 eum
1494 2076 1648 2110 omnibus
1677 2079 1744 2109 suis
1774 2075 2053 2122 possessionibus.
2085 2074 2259 2113 fructibus„

395 2143 585 2175 redditibus.
619 2141 847 2187 proventibus.
878 2140 1045 2173 rensibus.
1073 2138 1204 2182 juribus
1235 2143 1263 2170 et
1287 2138 1555 2171 obveueionibus
1578 2166 1582 2171 .
1607 2165 1613 2170 .
1639 2165 1644 2170 .
1676 2136 1770 2170 nobis
1791 2139 1968 2170 commissa
1991 2139 2020 2170 in
2043 2136 2094 2169 dei
2127 2138 2261 2169 nomine

394 2208 643 2247 sequestramus
675 2203 860 2236 inhibentes
890 2201 948 2234 sub
980 2204 1072 2246 penis
1104 2200 1324 2244 infrascriptis
1347 2198 1444 2232 vobis
1465 2199 1664 2244 supradictis
1693 2202 1722 2230 et
1745 2197 1874 2230 cuilibet
1897 2201 2059 2239 vestrum,
2090 2200 2122 2230 ut
2140 2195 2261 2229 buius-

396 2265 480 2296 uiodi
513 2268 776 2309 sequestraeioui
817 2268 932 2296 nostre
975 2266 1073 2295 iuiuio
1105 2264 1219 2294 verius
1259 2259 1444 2305 apostolice
1467 2287 1472 2292 .
1497 2287 1502 2292 .
1528 2286 1533 2292 .
1565 2263 1680 2292 eontra
1711 2269 1783 2291 eani
1815 2261 1931 2291 venire
1961 2257 2146 2291 nullatenus
2177 2267 2261 2302 pre-

394 2330 530 2357 sumatis
571 2330 621 2357 aut
660 2326 778 2369 aliquis
810 2328 958 2357 vestrum
992 2327 1158 2368 presumat
1199 2322 1306 2365 aliqua
1341 2324 1488 2360 racione,
1522 2324 1612 2365 prout
1646 2330 1749 2365 penas
1778 2324 1809 2351 et.
1837 2321 2029 2352 sentencias
2058 2317 2262 2364 apostolicas

395 2390 422 2416 et
457 2391 585 2418 nostras
617 2386 816 2430 apostoliens
858 2385 1086 2428 iiiii-asieriptas
1127 2383 1298 2421 volui-(riti
1323 2409 1328 2414 .
1354 2409 1358 2413 .
1384 2409 1389 2414 .
1423 2381 1566 2426 capitulo
1606 2385 1637 2412 et.
1666 2383 1818 2426 personis
1847 2379 1991 2413 ecclesie
2021 2378 2258 2413 olomucensis

393 2446 613 2490 omnibusque
644 2452 671 2477 et
703 2446 842 2486 singulis
863 2445 934 2477 aliis
956 2444 1084 2476 colonis
1119 2444 1331 2476 reddituariis
1362 2445 1499 2475 eensitis
1530 2443 1749 2486 pensionariis
1776 2444 1808 2473 et
1828 2443 1995 2473 universis
2024 2450 2082 2473 seu
2113 2437 2258 2484 quibus-

394 2507 466 2539 libet
500 2508 569 2539 aliis
602 2508 737 2539 fruetus.
771 2506 927 2538 redditus.
960 2504 1262 2540 eoutribueiiones)
1286 2531 1291 2535 .
1318 2530 1322 2535 .
1350 2530 1355 2535 .
1388 2503 1426 2535 ad
1445 2499 1574 2534 '‘dictain
1606 2504 1846 2546 preposituram
1877 2511 1935 2534 seu
1965 2502 2197 2533 canonicatum
2229 2503 2261 2531 ct

394 2567 594 2612 prebendam
627 2569 883 2600 ttloiiiueeuseui
925 2577 982 2598 seu
1014 2566 1075 2598 alia
1109 2564 1282 2597 beneficia.
1313 2574 1377 2608 que
1409 2563 1515 2595 dietus
1545 2561 1716 2595 Joliannes
1746 2561 1920 2595 Matessiez
1951 2564 1981 2594 in
2013 2560 2137 2593 diocesi
2169 2558 2260 2593 Oto-

394 2640 541 2661 uiuceusi
581 2632 726 2660 iio-eitiu-
763 2627 926 2660 obtiuere.
967 2630 1158 2671 spectantes
1196 2625 1332 2657 solvere
1374 2623 1487 2656 debe.
1513 2651 1517 2656 ,
1544 2651 1549 2655 .
1581 2627 1609 2655 et
1641 2622 1700 2655 sub
1740 2625 1832 2667 penis
1861 2621 2068 2666 subscriptis,
2109 2620 2260 2653 districte

396 2692 617 2734 precipientes
650 2690 853 2721 uiaudaiiius.
886 2692 1048 2731 quatenus
1079 2687 1118 2718 de
1151 2685 1344 2718 redditibus.
1378 2684 1550 2717 fructibus.
1577 2682 1708 2725 juribus
1738 2687 1765 2713 et
1798 2681 2015 2727 proventibus
2045 2693 2083 2713 ae
2113 2680 2261 2714 obven-
