2347 3153
984 210 1058 246 229

85 317 274 353 huiusmodi
304 320 385 351 citra
416 316 456 351 ab
487 317 603 351 eadem
634 321 814 363 perceptos
843 328 916 350 cum
948 318 1142 361 integritate
1170 316 1357 349 restituant.
1407 313 1565 358 Alioquin
1595 313 1682 347 idem
1712 313 1842 346 auditor
1863 313 1956 359 lapso

82 381 226 414 termino
255 377 445 422 hujusmodi
475 377 514 411 ad
545 367 813 411 declaracionem
843 382 874 410 et
905 377 1203 411 denunciacionem
1225 378 1472 409 sentenciarum
1495 378 1525 407 et
1548 385 1709 420 penarum
1731 374 1956 420 predictarum

82 442 301 474 exaccionem
332 439 470 485 perinde
500 439 659 485 procedat
689 449 728 471 ac
757 441 783 472 si
814 441 931 472 intrusi
962 441 1022 485 ipsi
1053 440 1161 471 eciam
1191 437 1394 480 conjunctim
1426 441 1457 468 ct
1487 435 1618 469 divisim
1646 435 1795 479 legitime.
1816 435 1954 468 fuissent

82 503 232 535 convicti
259 499 334 534 stilo
364 499 482 546 palacii
515 503 546 533 et
576 499 648 533 aliis
676 502 708 533 in
730 502 942 533 contrarium
970 500 1067 533 editis
1096 509 1162 532 non
1193 496 1401 532 obstantibus
1430 495 1694 542 quibuscunque.
1727 495 1761 529 In
1788 495 1852 529 line
1872 507 1956 529 vero

84 561 172 596 dicte
208 563 455 595 commissionis
490 563 564 593 sive
602 560 860 606 supplicacionis
898 560 1017 594 cedule
1051 563 1174 606 scripta
1213 563 1307 593 erant
1345 558 1385 591 de
1423 557 1559 591 alterius
1589 568 1706 590 manus
1737 557 1830 590 litera
1861 556 1956 590 litere

85 624 250 669 superiori
270 623 373 668 ipsius
397 620 516 655 cedule
546 623 676 667 penitus
705 625 737 654 et
766 623 901 654 omnino
931 620 1079 655 dissimili
1109 625 1141 654 et
1170 620 1318 655 diversa.
1348 618 1504 653 videlicet
1536 617 1599 651 hec
1628 617 1744 652 verba.
1777 618 1826 652 De
1857 628 1954 651 man·-

86 683 163 718 dato
192 682 316 717 domini
345 685 450 717 nostri
480 693 565 728 pape
603 681 714 716 audiat
753 685 915 727 magister
951 682 1072 717 Adam.
1103 684 1182 715 citet
1211 685 1246 715 ut
1274 683 1398 727 petitur
1426 682 1533 714 eciam
1563 679 1787 725 personaliter
1815 683 1957 723 quatuor

84 743 340 792 principaliores
369 747 401 777 et
430 743 513 777 alios
542 747 651 777 autem
683 743 830 787 legitime
859 754 899 776 ae
928 754 1046 777 omnes
1075 754 1136 789 per
1164 742 1308 776 edictum
1345 752 1405 775 scu
1444 740 1721 774 informacionem
1761 744 1791 773 ct
1822 743 1957 773 moneat

84 805 191 840 dictos
220 808 378 839 intrusos.
409 809 440 838 ut
471 807 603 850 petitur.
634 808 665 837 et
689 805 859 848 justiciam
890 804 999 838 faciat.
1032 803 1107 837 Post
1139 803 1370 848 cujusquidem
1401 804 1648 836 commissionis
1677 804 1750 835 sive
1779 800 1956 846 supplica-

83 868 190 902 cionis
218 865 337 900 cedule
366 868 658 912 presentacionem
688 869 720 898 et
749 867 986 911 recepcionem
1017 865 1187 911 productis
1216 867 1367 910 primitus
1397 874 1510 896 coram
1550 861 1646 896 nobis
1677 873 1736 908 per
1773 862 1954 895 discretum

84 931 193 962 virum
223 929 418 972 magistrum
448 925 665 960 Wilbelmum
696 925 764 960 Leo
793 928 824 959 in
855 925 1005 959 Romana
1035 928 1126 959 curia
1157 930 1187 957 et
1219 924 1461 958 venerabilium
1493 923 1701 957 dominarum
1732 922 1899 956 abbatisse
1925 927 1958 956 et

84 992 274 1023 conventus
315 986 508 1021 monasterii
553 986 650 1020 beate
688 986 795 1021 11111111ι
832 987 873 1021 de
912 987 1050 1021 Oslavia
1089 987 1215 1020 ordinis
1249 985 1484 1020 Cisterciensis
1525 984 1758 1018 olomucensis
1798 984 1954 1020 diocesis,

84 1059 216 1084 necnon
245 1047 374 1083 Nicolai
405 1047 539 1082 Polacb.
571 1047 702 1081 Nicolai
741 1047 917 1095 VVayglini
955 1060 994 1082 ac
1024 1047 1132 1092 Egidii
1164 1052 1194 1081 et
1226 1046 1381 1081 Cristiani
1413 1046 1454 1080 de
1484 1046 1629 1079 Brutina.
1661 1045 1892 1091 principalium
1924 1048 1955 1079 in

84 1113 271 1157 prescripta
300 1108 397 1144 nobis
426 1109 512 1143 sacta
543 1114 572 1143 et
604 1114 795 1155 presentata
825 1112 1063 1143 commissione
1094 1109 1322 1155 principaliter
1355 1111 1598 1142 nominatarum
1639 1111 1669 1140 et
1709 1109 1955 1140 nominatorum

84 1170 247 1206 sindicnm
278 1174 311 1204 et
338 1174 605 1217 procuratorem.
637 1175 731 1216 prout
763 1170 804 1203 de
834 1173 936 1216 ipsius
965 1170 1147 1204 sindicatus
1177 1174 1207 1203 ct
1238 1171 1492 1215 procurat-ionis
1516 1168 1671 1202 mandato
1693 1166 1788 1201 nobis
1809 1167 1957 1211 legitime

83 1235 215 1266 constal
242 1230 410 1266 edoctum.
441 1231 609 1265 nonnullis
639 1230 778 1264 testibus
808 1231 983 1275 lidcdignis
1012 1232 1051 1265 ad
1083 1230 1330 1265 informandum
1370 1233 1514 1264 animum
1546 1233 1694 1263 nostrum
1725 1229 1766 1261 de
1795 1232 1825 1261 et
1856 1238 1958 1273 super

85 1295 116 1328 in
154 1291 284 1340 prefata
322 1292 419 1327 nobis
455 1292 541 1327 facta
582 1296 821 1326 commissione
859 1295 1024 1326 contentis
1063 1296 1178 1338 eisque
1214 1303 1275 1339 per
1304 1303 1365 1325 nos
1395 1294 1456 1325 rite
1487 1293 1645 1336 receptiS.
1676 1289 1832 1323 admissis
1861 1293 1892 1322 et
1923 1291 1954 1323 in

85 1353 192 1389 torma
225 1355 312 1399 juris
345 1355 466 1398 juratis
501 1358 530 1387 et
569 1365 629 1400 per
663 1365 724 1387 nos
759 1353 900 1387 fideliter
929 1356 1138 1388 examinatis.
1172 1352 1427 1398 Subsequenter
1456 1362 1540 1385 vero
1571 1351 1692 1385 suimus
1722 1362 1783 1397 per
1812 1350 1954 1384 cundem

85 1418 282 1461 magistrum
313 1414 528 1449 Wilhelmum
560 1414 627 1449 Leo
656 1419 911 1461 procuratorem
944 1417 1078 1448 nomine
1107 1417 1341 1461 procuratorio
1371 1424 1436 1459 quo
1466 1423 1566 1458 supra
1596 1423 1710 1446 coram
1741 1410 1836 1444 nobis
1865 1422 1953 1444 con—

86 1478 234 1511 stitutum
272 1475 383 1510 dehita
422 1487 496 1511 cum
528 1479 688 1510 instancia
721 1479 882 1522 requisiti.
913 1481 1078 1522 quatenus
1115 1474 1177 1509 sibi
1207 1477 1405 1508 citacionem
1437 1473 1650 1520 personalem
1681 1478 1796 1506 contra
1827 1477 1856 1505 ct
1889 1472 1954 1505 ad-

87 1547 208 1572 versus
235 1537 397 1583 quosdam
419 1530 607 1571 811111οηοηί
626 1537 667 1571 dc
689 1537 822 1571 Rakow
849 1540 939 1582 isici,
971 1536 1210 1570 Wenceslaum
1233 1535 1300 1569 llas
1321 1540 1352 1569 et
1374 1535 1539 1581 quendam
1569 1534 1691 1568 dictum
1714 1533 1903 1567 Hinkonem
1925 1537 1955 1566 et

87 1597 184 1634 Fricz
210 1597 364 1633 Judicem
395 1603 562 1644 tamquam
594 1599 850 1645 principaliores
880 1609 1011 1631 necnon
1042 1598 1191 1642 legitime
1220 1601 1336 1630 contra
1367 1601 1396 1629 et
1427 1596 1592 1630 adversus
1621 1594 1804 1629 Jcskoncm
1827 1593 1959 1628 llruska

85 1670 125 1694 nc
153 1670 320 1706 precones
349 1659 426 1694 dicti
455 1659 542 1706 opidi
584 1663 614 1693 in
647 1659 779 1694 Brnnna
819 1671 862 1693 ex
897 1659 1044 1693 adverso
1081 1658 1282 1704 principales
1313 1660 1419 1691 eciam
1450 1660 1480 1691 in
1511 1659 1698 1703 prescripta
1738 1655 1834 1689 nobis
1873 1655 1958 1689 facta

86 1723 326 1755 commissione
355 1732 399 1755 ex
428 1721 577 1755 adverso
616 1720 844 1767 principaliter
880 1723 1079 1754 nominatos.
1120 1730 1180 1765 per
1218 1719 1362 1752 edictum
1400 1717 1564 1764 publicum
1606 1720 1635 1751 in
1675 1716 1826 1750 Romana
1866 1719 1957 1750 curia

86 1785 117 1816 et
146 1783 179 1816 in
215 1780 365 1828 partibus
402 1784 433 1816 in
472 1782 554 1815 locis
594 1784 846 1815 circumvicinis
884 1781 1054 1819 nsum-nito
1079 1782 1175 1825 juxta
1206 1783 1287 1814 vim.
1318 1779 1460 1813 sormam
1490 1784 1521 1811 et.
1561 1783 1712 1812 tenorem
1743 1777 1830 1811 dicte
1860 1788 1959 1811 com-

87 1844 255 1877 missionis
285 1842 474 1876 decernere
502 1847 534 1875 et
564 1842 754 1876 concedere
785 1843 1013 1886 dignaremur.
1047 1841 1115 1875 Nos
1145 1845 1246 1879 igitur
1276 1841 1385 1874 Adam
1416 1841 1548 1874 auditor
1577 1840 1726 1885 prefatus
1751 1838 1960 1872 attendentes

87 1905 347 1950 requisicionem
386 1902 573 1938 huiusmodi
613 1903 685 1937 l'ore
719 1904 841 1946 justam
881 1907 911 1934 et
951 1914 1134 1936 consonam
1174 1905 1312 1936 racioni.
1345 1901 1565 1946 volentesque
1597 1904 1626 1934 in
1656 1911 1756 1933 causa
1787 1904 1819 1932 et
1848 1902 1960 1932 causis

86 1963 277 2009 hujtlsmodi
306 1966 369 1998 rite
398 1969 430 1997 et
459 1964 607 2009 legitime
637 1964 824 2011 procedere
854 1975 892 1996 ae
924 1963 1071 2008 partibus
1102 1966 1180 2009 ipsis
1211 1963 1311 1996 dante
1341 1962 1476 1996 111111111111
1501 1963 1670 2005 justiciam
1702 1963 1904 1994 ministrare.
1927 1964 1958 1993 111

86 2029 252 2068 tenemur,
290 2029 322 2058 et
359 2028 434 2071 quia
473 2036 535 2072 per
571 2025 763 2069 diligentem
804 2026 1093 2058 inl'·irmaeionem.
1133 2035 1229 2070 quam
1271 2023 1423 2057 fecimus.
1460 2028 1490 2055 et
1521 2024 1698 2069 presertim
1730 2033 1771 2055 ex
1803 2021 1898 2054 dictis
1928 2025 1957 2053 et

86 2085 359 2133 deposicionibus
402 2089 534 2120 testium
578 2089 768 2120 invenimus
812 2086 961 2132 prefatos
1005 2084 1188 2119 Ιἳ11111111111111
1229 2085 1269 2118 111-
1311 2084 1478 2122 Radkow,
1519 2082 1780 2116 wenczeslaum
1822 2082 1889 2115 llas
1927 2087 1957 2115 et

86 2146 253 2194 quendam
292 2146 414 2181 dictum
446 2146 635 2181 llinkonem
676 2152 705 2179 et
747 2146 842 2181 Fricz
882 2147 1034 2180 Jiulicem
1075 2158 1116 2180 cx
1147 2146 1294 2179 adverso
1325 2145 1525 2191 principales
1555 2144 1596 2177 111·
1625 2143 1779 2177 omnibus
1810 2146 1838 2176 in
1870 2143 1956 2176 dicta

87 2206 184 2243 nobis
212 2207 299 2242 sacta
328 2211 566 2243 commissione
596 2212 762 2242 contentis
793 2209 866 2242 sore
897 2207 1027 2254 publice
1057 2207 1255 2241 diffamatos.
1286 2209 1502 2252 ipsorumque
1531 2205 1697 2238 ‹loniicilia
1738 2216 1797 2250 pro
1838 2204 1958 2237 buius-

87 2268 177 2304 modi
206 2273 319 2304 nostra
349 2272 516 2303 citacione
546 2269 746 2316 exequendi·
776 2275 843 2302 11111·
873 2269 955 2302 1111111
995 2279 1059 2301 111111
1091 2279 1202 2313 posse.
1233 2267 1389 2312 quodque
1419 2267 1527 2300 dietus
1567 2268 1728 2304 :inmisit-r
1759 2264 1959 2299 Wilbelmus

88 2328 158 2365 Leo
195 2334 395 2377 procurator
432 2334 566 2364 nomine
604 2341 668 2376 qno
706 2342 807 2377 supra
845 2334 876 2364 in
915 2333 1044 2363 animas·
1083 2330 1244 2361 dictarum
1276 2327 1483 2361 dominarum
1514 2326 1682 2360 abbatisse
1712 2330 1742 2357 et
1772 2329 1959 2358 conventus

87 2393 282 2425 monasterii
322 2390 418 2424 beate
458 2390 563 2425 ¹”arie
601 2392 642 2424 de
682 2392 818 2425 oslava*
858 2402 988 2425 necnon
1027 2389 1152 2423 Nimim
1186 2389 1320 2424 l'olacb.
1353 2388 1479 2422 Nicolai
1514 2388 1686 2433 Wayislini
1718 2399 1756 2420 ac
1787 2386 1897 2427 Egiilii
1927 2391 1956 2418 et

86 2449 242 2486 cristiani
271 2451 313 2486 de
343 2450 476 2486 Brunna
507 2452 737 2498 principalium
767 2463 902 2485 sitorum
935 2451 972 2483 1111
1006 2450 1196 2483 mandatum
1227 2455 1377 2484 nostrum
1408 2455 1438 2482 et
1470 2452 1501 2483 in
1532 2452 1654 2483 nostris
1685 2448 1837 2482 manibus
1863 2450 1958 2480 tactis

86 2520 148 2558 per
175 2522 252 2547 eum
281 2516 507 2547 sacrosanctis
537 2515 712 2559 scripturis
742 2513 781 2546 ad
812 2517 926 2546 sancta
958 2513 1009 2544 111-1
1040 2511 1231 2551 evangelia.
1262 2522 1298 2544 se
1320 2510 1506 2544 huiusmodi
1528 2512 1725 2543 citacionem
1748 2508 1958 2554 personalem

86 2582 153 2607 non
182 2572 365 2607 maliciose.
397 2574 454 2607 sed
486 2574 592 2607 solum
624 2585 684 2620 pro
710 2575 844 2618 justicia
874 2573 1051 2606 obtine-nata
1076 2575 1286 2617 impetrasse.
1303 2573 1428 2615 juravit
1451 2576 1480 2602 et
1503 2570 1590 2615 11111111
1615 2569 1802 2614 hujusmodi
1824 2580 1958 2602 causam

87 2633 280 2681 specialiter
307 2639 424 2668 contra
455 2635 562 2668 dictos
583 2634 781 2668 Stilbonem.
805 2634 1065 2667 Wenezestxuun
1095 2643 1134 2665 ac
1165 2631 1353 2666 llinkonem
1385 2637 1413 2664 et
1440 2631 1535 2665 Fricz
1565 2630 1717 2664 ,ludicem
1749 2641 1790 2663 ex
1812 2630 1959 2663 adverso

90 2693 293 2741 principales
323 2705 428 2740 usque
458 2695 496 2728 ad
528 2695 626 2729 linem
657 2695 719 2728 litis
749 2699 973 2741 prosequetur
1011 2704 1069 2726 seu
1101 2695 1258 2738 prosequi
1290 2693 1480 2739 procurabit
1507 2694 1602 2736 Juxta
1632 2702 1726 2725 suum
1759 2702 1869 2737 posse,
1900 2689 1959 2723 snb
