<?xml version="1.0" encoding="UTF-8"?>
<!DOCTYPE html PUBLIC "-//W3C//DTD XHTML 1.0 Transitional//EN"
    "http://www.w3.org/TR/xhtml1/DTD/xhtml1-transitional.dtd">
<html xmlns="http://www.w3.org/1999/xhtml" xml:lang="en" lang="en">
 <head>
  <title>
</title>
<meta http-equiv="Content-Type" content="text/html;charset=utf-8" />
  <meta name='ocr-system' content='tesseract 3.04.00' />
  <meta name='ocr-capabilities' content='ocr_page ocr_carea ocr_par ocr_line ocrx_word'/>
</head>
<body>
  <div class='ocr_page' id='page_1' title='image "./codexdiplomaticu13morauoft_0025.png"; bbox 0 0 2347 3153; ppageno 0'>
   <div class='ocr_carea' id='block_1_1' title="bbox 0 1587 69 3153">
    <p class='ocr_par' dir='ltr' id='par_1_1' title="bbox 0 1587 69 3153">
     <span class='ocr_line' id='line_1_1' title="bbox 0 1587 69 3153; baseline 0 0"><span class='ocrx_word' id='word_1_1' title='bbox 0 1587 69 3153; x_wconf 95' lang='lat' dir='ltr'> </span> 
     </span>
    </p>
   </div>
   <div class='ocr_carea' id='block_1_2' title="bbox 1062 211 1106 244">
    <p class='ocr_par' dir='ltr' id='par_1_2' title="bbox 1062 211 1106 244">
     <span class='ocr_line' id='line_1_2' title="bbox 1062 211 1106 244; baseline 0 0"><span class='ocrx_word' id='word_1_2' title='bbox 1062 211 1106 244; x_wconf 78' lang='lat'>13</span> 
     </span>
    </p>
   </div>
   <div class='ocr_carea' id='block_1_3' title="bbox 983 262 1116 266">
    <p class='ocr_par' dir='ltr' id='par_1_3' title="bbox 983 262 1116 266">
     <span class='ocr_line' id='line_1_3' title="bbox 983 262 1116 266; baseline 0 0"><span class='ocrx_word' id='word_1_3' title='bbox 983 262 1116 266; x_wconf 95' lang='lat' dir='ltr'> </span> 
     </span>
    </p>
   </div>
   <div class='ocr_carea' id='block_1_4' title="bbox 139 312 2026 977">
    <p class='ocr_par' dir='ltr' id='par_1_4' title="bbox 139 312 2026 977">
     <span class='ocr_line' id='line_1_4' title="bbox 141 312 2024 364; baseline -0.004 -12"><span class='ocrx_word' id='word_1_4' title='bbox 141 318 229 364; x_wconf 92' lang='lat' dir='ltr'>quod</span> <span class='ocrx_word' id='word_1_5' title='bbox 267 319 366 362; x_wconf 84' lang='lat' dir='ltr'>juxta</span> <span class='ocrx_word' id='word_1_6' title='bbox 409 316 684 351; x_wconf 84' lang='lat' dir='ltr'>moderacioncm</span> <span class='ocrx_word' id='word_1_7' title='bbox 729 316 851 349; x_wconf 82' lang='lat' dir='ltr'>saetam</span> <span class='ocrx_word' id='word_1_8' title='bbox 895 318 985 348; x_wconf 88' lang='lat' dir='ltr'>circa</span> <span class='ocrx_word' id='word_1_9' title='bbox 1029 320 1145 349; x_wconf 87' lang='lat' dir='ltr'>sancte</span> <span class='ocrx_word' id='word_1_10' title='bbox 1188 317 1396 349; x_wconf 74' lang='lat' dir='ltr'>visitacionis</span> <span class='ocrx_word' id='word_1_11' title='bbox 1433 312 1581 347; x_wconf 80' lang='lat' dir='ltr'>osticium</span> <span class='ocrx_word' id='word_1_12' title='bbox 1625 324 1685 359; x_wconf 91' lang='lat' dir='ltr'>per</span> <span class='ocrx_word' id='word_1_13' title='bbox 1714 316 1960 346; x_wconf 78' lang='lat' dir='ltr'>sanctissimum</span> <span class='ocrx_word' id='word_1_14' title='bbox 1993 316 2024 346; x_wconf 89' lang='lat' dir='ltr'>in</span> 
     </span>
     <span class='ocr_line' id='line_1_5' title="bbox 140 373 2023 425; baseline -0.004 -12"><span class='ocrx_word' id='word_1_15' title='bbox 140 378 275 414; x_wconf 89' lang='lat' dir='ltr'>Christo</span> <span class='ocrx_word' id='word_1_16' title='bbox 305 383 434 425; x_wconf 87' lang='lat' dir='ltr'>patrem</span> <span class='ocrx_word' id='word_1_17' title='bbox 464 377 634 411; x_wconf 88' lang='lat' dir='ltr'>dominum</span> <span class='ocrx_word' id='word_1_18' title='bbox 665 376 883 412; x_wconf 85' lang='lat' dir='ltr'>Benedictuni</span> <span class='ocrx_word' id='word_1_19' title='bbox 915 376 1004 411; x_wconf 74' lang='lat' dir='ltr'>xil..</span> <span class='ocrx_word' id='word_1_20' title='bbox 1034 381 1254 410; x_wconf 78' lang='lat' dir='ltr'>sacrosancte</span> <span class='ocrx_word' id='word_1_21' title='bbox 1283 386 1422 409; x_wconf 87' lang='lat' dir='ltr'>romane</span> <span class='ocrx_word' id='word_1_22' title='bbox 1462 374 1608 408; x_wconf 87' lang='lat' dir='ltr'>ecclesie</span> <span class='ocrx_word' id='word_1_23' title='bbox 1638 384 1803 407; x_wconf 88' lang='lat' dir='ltr'>summum</span> <span class='ocrx_word' id='word_1_24' title='bbox 1834 373 2023 419; x_wconf 82' lang='lat' dir='ltr'>pontificem</span> 
     </span>
     <span class='ocr_line' id='line_1_6' title="bbox 140 436 2026 488; baseline -0.005 -12"><span class='ocrx_word' id='word_1_25' title='bbox 140 452 202 488; x_wconf 87' lang='lat' dir='ltr'>per</span> <span class='ocrx_word' id='word_1_26' title='bbox 229 443 508 475; x_wconf 67' lang='lat' dir='ltr'>constitucionem</span> <span class='ocrx_word' id='word_1_27' title='bbox 532 450 625 473; x_wconf 83' lang='lat' dir='ltr'>suam</span> <span class='ocrx_word' id='word_1_28' title='bbox 648 438 830 473; x_wconf 77' lang='lat' dir='ltr'>novellam.</span> <span class='ocrx_word' id='word_1_29' title='bbox 861 449 925 484; x_wconf 89' lang='lat' dir='ltr'>que</span> <span class='ocrx_word' id='word_1_30' title='bbox 947 440 1081 484; x_wconf 87' lang='lat' dir='ltr'>incipit:</span> <span class='ocrx_word' id='word_1_31' title='bbox 1113 437 1182 472; x_wconf 73' lang='lat' dir='ltr'>Vas</span> <span class='ocrx_word' id='word_1_32' title='bbox 1208 438 1391 471; x_wconf 71' lang='lat' dir='ltr'>eleccionis</span> <span class='ocrx_word' id='word_1_33' title='bbox 1412 436 1547 481; x_wconf 77' lang='lat' dir='ltr'>singuli.</span> <span class='ocrx_word' id='word_1_34' title='bbox 1578 446 1718 481; x_wconf 87' lang='lat' dir='ltr'>qnorum</span> <span class='ocrx_word' id='word_1_35' title='bbox 1750 438 1888 468; x_wconf 87' lang='lat' dir='ltr'>interest</span> <span class='ocrx_word' id='word_1_36' title='bbox 1910 439 2026 468; x_wconf 85' lang='lat' dir='ltr'>sancte</span> 
     </span>
     <span class='ocr_line' id='line_1_7' title="bbox 140 498 2024 542; baseline -0.004 -6"><span class='ocrx_word' id='word_1_37' title='bbox 140 504 350 536; x_wconf 79' lang='lat' dir='ltr'>visitacionis</span> <span class='ocrx_word' id='word_1_38' title='bbox 378 500 525 535; x_wconf 83' lang='lat' dir='ltr'>officium</span> <span class='ocrx_word' id='word_1_39' title='bbox 563 511 741 535; x_wconf 84' lang='lat' dir='ltr'>exercere.</span> <span class='ocrx_word' id='word_1_40' title='bbox 773 510 849 534; x_wconf 90' lang='lat' dir='ltr'>cum</span> <span class='ocrx_word' id='word_1_41' title='bbox 880 499 1119 533; x_wconf 90' lang='lat' dir='ltr'>declaracione</span> <span class='ocrx_word' id='word_1_42' title='bbox 1150 502 1182 533; x_wconf 91' lang='lat' dir='ltr'>in</span> <span class='ocrx_word' id='word_1_43' title='bbox 1212 498 1331 532; x_wconf 90' lang='lat' dir='ltr'>eadem</span> <span class='ocrx_word' id='word_1_44' title='bbox 1362 499 1608 532; x_wconf 87' lang='lat' dir='ltr'>constitucione</span> <span class='ocrx_word' id='word_1_45' title='bbox 1625 507 1790 542; x_wconf 80' lang='lat' dir='ltr'>expressa</span> <span class='ocrx_word' id='word_1_46' title='bbox 1822 499 1852 530; x_wconf 92' lang='lat' dir='ltr'>in</span> <span class='ocrx_word' id='word_1_47' title='bbox 1883 507 2024 529; x_wconf 84' lang='lat' dir='ltr'>summa.</span> 
     </span>
     <span class='ocr_line' id='line_1_8' title="bbox 140 557 2023 609; baseline -0.003 -13"><span class='ocrx_word' id='word_1_48' title='bbox 140 573 207 609; x_wconf 89' lang='lat' dir='ltr'>que</span> <span class='ocrx_word' id='word_1_49' title='bbox 235 565 368 609; x_wconf 87' lang='lat' dir='ltr'>incipit:</span> <span class='ocrx_word' id='word_1_50' title='bbox 399 561 524 596; x_wconf 72' lang='lat' dir='ltr'>Nostre</span> <span class='ocrx_word' id='word_1_51' title='bbox 555 566 666 595; x_wconf 87' lang='lat' dir='ltr'>autem</span> <span class='ocrx_word' id='word_1_52' title='bbox 706 563 908 595; x_wconf 88' lang='lat' dir='ltr'>intencionis</span> <span class='ocrx_word' id='word_1_53' title='bbox 946 562 1071 594; x_wconf 75' lang='lat' dir='ltr'>existit.</span> <span class='ocrx_word' id='word_1_54' title='bbox 1111 565 1145 594; x_wconf 92' lang='lat' dir='ltr'>ut</span> <span class='ocrx_word' id='word_1_55' title='bbox 1184 571 1220 594; x_wconf 88' lang='lat' dir='ltr'>se</span> <span class='ocrx_word' id='word_1_56' title='bbox 1250 564 1372 605; x_wconf 82' lang='lat' dir='ltr'>regant.</span> <span class='ocrx_word' id='word_1_57' title='bbox 1401 564 1433 592; x_wconf 86' lang='lat' dir='ltr'>et</span> <span class='ocrx_word' id='word_1_58' title='bbox 1463 558 1620 603; x_wconf 71' lang='lat' dir='ltr'>dirigant,</span> <span class='ocrx_word' id='word_1_59' title='bbox 1651 560 1679 591; x_wconf 89' lang='lat' dir='ltr'>si</span> <span class='ocrx_word' id='word_1_60' title='bbox 1710 568 1814 604; x_wconf 88' lang='lat' dir='ltr'>penas</span> <span class='ocrx_word' id='word_1_61' title='bbox 1844 560 1875 591; x_wconf 91' lang='lat' dir='ltr'>in</span> <span class='ocrx_word' id='word_1_62' title='bbox 1905 557 2023 590; x_wconf 86' lang='lat' dir='ltr'>eadem</span> 
     </span>
     <span class='ocr_line' id='line_1_9' title="bbox 140 618 2021 669; baseline -0.004 -10"><span class='ocrx_word' id='word_1_63' title='bbox 140 626 386 660; x_wconf 86' lang='lat' dir='ltr'>constitucione</span> <span class='ocrx_word' id='word_1_64' title='bbox 420 633 605 669; x_wconf 80' lang='lat' dir='ltr'>expressas</span> <span class='ocrx_word' id='word_1_65' title='bbox 635 622 803 656; x_wconf 92' lang='lat' dir='ltr'>voluerint</span> <span class='ocrx_word' id='word_1_66' title='bbox 833 625 984 656; x_wconf 85' lang='lat' dir='ltr'>evitare:</span> <span class='ocrx_word' id='word_1_67' title='bbox 1015 621 1211 655; x_wconf 84' lang='lat' dir='ltr'>ordinamus</span> <span class='ocrx_word' id='word_1_68' title='bbox 1240 623 1347 654; x_wconf 87' lang='lat' dir='ltr'>eciam</span> <span class='ocrx_word' id='word_1_69' title='bbox 1378 624 1410 654; x_wconf 89' lang='lat' dir='ltr'>et</span> <span class='ocrx_word' id='word_1_70' title='bbox 1438 619 1595 653; x_wconf 83' lang='lat' dir='ltr'>volumus</span> <span class='ocrx_word' id='word_1_71' title='bbox 1625 623 1655 652; x_wconf 91' lang='lat' dir='ltr'>ct</span> <span class='ocrx_word' id='word_1_72' title='bbox 1686 618 1747 653; x_wconf 89' lang='lat' dir='ltr'>sub</span> <span class='ocrx_word' id='word_1_73' title='bbox 1777 621 2021 652; x_wconf 79' lang='lat' dir='ltr'>excommuni-</span> 
     </span>
     <span class='ocr_line' id='line_1_10' title="bbox 140 680 2025 731; baseline -0.004 -11"><span class='ocrx_word' id='word_1_74' title='bbox 140 687 293 720; x_wconf 86' lang='lat' dir='ltr'>cacionis</span> <span class='ocrx_word' id='word_1_75' title='bbox 330 695 416 731; x_wconf 90' lang='lat' dir='ltr'>pena</span> <span class='ocrx_word' id='word_1_76' title='bbox 446 687 663 730; x_wconf 74' lang='lat' dir='ltr'>precipimus.</span> <span class='ocrx_word' id='word_1_77' title='bbox 708 683 797 729; x_wconf 93' lang='lat' dir='ltr'>quod</span> <span class='ocrx_word' id='word_1_78' title='bbox 834 682 969 729; x_wconf 82' lang='lat' dir='ltr'>quilibet</span> <span class='ocrx_word' id='word_1_79' title='bbox 1005 682 1264 717; x_wconf 89' lang='lat' dir='ltr'>archidiaconus</span> <span class='ocrx_word' id='word_1_80' title='bbox 1303 686 1418 716; x_wconf 88' lang='lat' dir='ltr'>nostre</span> <span class='ocrx_word' id='word_1_81' title='bbox 1455 681 1602 715; x_wconf 90' lang='lat' dir='ltr'>diocesis</span> <span class='ocrx_word' id='word_1_82' title='bbox 1639 680 1724 714; x_wconf 78' lang='lat' dir='ltr'>infra</span> <span class='ocrx_word' id='word_1_83' title='bbox 1765 683 1860 713; x_wconf 92' lang='lat' dir='ltr'>unius</span> <span class='ocrx_word' id='word_1_84' title='bbox 1899 682 2025 713; x_wconf 81' lang='lat' dir='ltr'>mensis</span> 
     </span>
     <span class='ocr_line' id='line_1_11' title="bbox 143 739 2024 794; baseline -0.004 -13"><span class='ocrx_word' id='word_1_85' title='bbox 143 749 292 794; x_wconf 80' lang='lat' dir='ltr'>spacium</span> <span class='ocrx_word' id='word_1_86' title='bbox 322 745 384 780; x_wconf 89' lang='lat' dir='ltr'>sub</span> <span class='ocrx_word' id='word_1_87' title='bbox 413 750 530 780; x_wconf 87' lang='lat' dir='ltr'>nostro</span> <span class='ocrx_word' id='word_1_88' title='bbox 559 745 671 790; x_wconf 78' lang='lat' dir='ltr'>sigillo</span> <span class='ocrx_word' id='word_1_89' title='bbox 701 744 843 778; x_wconf 85' lang='lat' dir='ltr'>eandem</span> <span class='ocrx_word' id='word_1_90' title='bbox 873 746 1152 778; x_wconf 84' lang='lat' dir='ltr'>constitucionem</span> <span class='ocrx_word' id='word_1_91' title='bbox 1184 743 1310 777; x_wconf 86' lang='lat' dir='ltr'>habere</span> <span class='ocrx_word' id='word_1_92' title='bbox 1331 742 1451 777; x_wconf 87' lang='lat' dir='ltr'>debeat</span> <span class='ocrx_word' id='word_1_93' title='bbox 1482 747 1511 776; x_wconf 86' lang='lat' dir='ltr'>et</span> <span class='ocrx_word' id='word_1_94' title='bbox 1534 752 1574 776; x_wconf 86' lang='lat' dir='ltr'>ea</span> <span class='ocrx_word' id='word_1_95' title='bbox 1605 742 1645 775; x_wconf 85' lang='lat' dir='ltr'>de</span> <span class='ocrx_word' id='word_1_96' title='bbox 1675 740 1783 775; x_wconf 83' lang='lat' dir='ltr'>verbo</span> <span class='ocrx_word' id='word_1_97' title='bbox 1813 741 1852 774; x_wconf 91' lang='lat' dir='ltr'>ad</span> <span class='ocrx_word' id='word_1_98' title='bbox 1883 739 2024 774; x_wconf 84' lang='lat' dir='ltr'>verbum</span> 
     </span>
     <span class='ocr_line' id='line_1_12' title="bbox 141 801 2023 853; baseline -0.004 -12"><span class='ocrx_word' id='word_1_99' title='bbox 141 806 296 842; x_wconf 88' lang='lat' dir='ltr'>omnibus</span> <span class='ocrx_word' id='word_1_100' title='bbox 325 806 478 853; x_wconf 83' lang='lat' dir='ltr'>plebanis</span> <span class='ocrx_word' id='word_1_101' title='bbox 508 809 558 840; x_wconf 93' lang='lat' dir='ltr'>sui</span> <span class='ocrx_word' id='word_1_102' title='bbox 588 805 882 840; x_wconf 78' lang='lat' dir='ltr'>archidiaconatus</span> <span class='ocrx_word' id='word_1_103' title='bbox 920 804 1167 850; x_wconf 77' lang='lat' dir='ltr'>requirentibus</span> <span class='ocrx_word' id='word_1_104' title='bbox 1203 807 1308 851; x_wconf 88' lang='lat' dir='ltr'>ipsam</span> <span class='ocrx_word' id='word_1_105' title='bbox 1345 803 1426 838; x_wconf 89' lang='lat' dir='ltr'>dare</span> <span class='ocrx_word' id='word_1_106' title='bbox 1465 808 1494 837; x_wconf 88' lang='lat' dir='ltr'>et</span> <span class='ocrx_word' id='word_1_107' title='bbox 1535 802 1701 837; x_wconf 81' lang='lat' dir='ltr'>exhibere</span> <span class='ocrx_word' id='word_1_108' title='bbox 1731 802 1839 836; x_wconf 90' lang='lat' dir='ltr'>modis</span> <span class='ocrx_word' id='word_1_109' title='bbox 1869 801 2023 835; x_wconf 81' lang='lat' dir='ltr'>omnibus</span> 
     </span>
     <span class='ocr_line' id='line_1_13' title="bbox 139 864 2025 915; baseline -0.004 -12"><span class='ocrx_word' id='word_1_110' title='bbox 139 868 268 915; x_wconf 84' lang='lat' dir='ltr'>absque</span> <span class='ocrx_word' id='word_1_111' title='bbox 297 868 525 902; x_wconf 89' lang='lat' dir='ltr'>diminucione</span> <span class='ocrx_word' id='word_1_112' title='bbox 555 872 586 901; x_wconf 89' lang='lat' dir='ltr'>et</span> <span class='ocrx_word' id='word_1_113' title='bbox 616 869 866 901; x_wconf 85' lang='lat' dir='ltr'>accurtacioue.</span> <span class='ocrx_word' id='word_1_114' title='bbox 907 865 1073 900; x_wconf 90' lang='lat' dir='ltr'>dilacione</span> <span class='ocrx_word' id='word_1_115' title='bbox 1112 871 1142 900; x_wconf 91' lang='lat' dir='ltr'>et</span> <span class='ocrx_word' id='word_1_116' title='bbox 1181 865 1400 910; x_wconf 77' lang='lat' dir='ltr'>subterfugiis</span> <span class='ocrx_word' id='word_1_117' title='bbox 1431 864 1631 910; x_wconf 82' lang='lat' dir='ltr'>quibuslibet</span> <span class='ocrx_word' id='word_1_118' title='bbox 1667 866 1863 907; x_wconf 65' lang='lat' dir='ltr'>incongruis</span> <span class='ocrx_word' id='word_1_119' title='bbox 1893 866 2025 909; x_wconf 80' lang='lat' dir='ltr'>penitus</span> 
     </span>
     <span class='ocr_line' id='line_1_14' title="bbox 141 932 358 977; baseline -0.009 -12"><span class='ocrx_word' id='word_1_120' title='bbox 141 932 358 977; x_wconf 71' lang='lat' dir='ltr'>postet-gatis.</span> 
     </span>
    </p>
   </div>
   <div class='ocr_carea' id='block_1_5' title="bbox 683 1032 1486 1154">
    <p class='ocr_par' dir='ltr' id='par_1_5' title="bbox 683 1032 1486 1154">
     <span class='ocr_line' id='line_1_15' title="bbox 1069 1032 1108 1066; baseline -0.026 0"><span class='ocrx_word' id='word_1_121' title='bbox 1069 1032 1108 1066; x_wconf 84' lang='lat'>11.</span> 
     </span>
     <span class='ocr_line' id='line_1_16' title="bbox 683 1119 1486 1154; baseline -0.004 0"><span class='ocrx_word' id='word_1_122' title='bbox 683 1120 741 1154; x_wconf 82' lang='lat' dir='ltr'>De</span> <span class='ocrx_word' id='word_1_123' title='bbox 778 1119 999 1154; x_wconf 87' lang='lat' dir='ltr'>ordinatis</span> <span class='ocrx_word' id='word_1_124' title='bbox 1039 1123 1074 1153; x_wconf 92' lang='lat' dir='ltr'>in</span> <span class='ocrx_word' id='word_1_125' title='bbox 1111 1119 1259 1152; x_wconf 89' lang='lat' dir='ltr'>aliena</span> <span class='ocrx_word' id='word_1_126' title='bbox 1298 1120 1486 1152; x_wconf 57' lang='lat' dir='ltr'>diocesi.</span> 
     </span>
    </p>
   </div>
   <div class='ocr_carea' id='block_1_6' title="bbox 144 1204 2031 1747">
    <p class='ocr_par' dir='ltr' id='par_1_6' title="bbox 144 1204 2031 1747">
     <span class='ocr_line' id='line_1_17' title="bbox 302 1204 2026 1254; baseline -0.003 -11"><span class='ocrx_word' id='word_1_127' title='bbox 302 1208 384 1244; x_wconf 90' lang='lat' dir='ltr'>Cum</span> <span class='ocrx_word' id='word_1_128' title='bbox 409 1211 480 1254; x_wconf 81' lang='lat' dir='ltr'>jam</span> <span class='ocrx_word' id='word_1_129' title='bbox 510 1208 633 1242; x_wconf 92' lang='lat' dir='ltr'>dudum</span> <span class='ocrx_word' id='word_1_130' title='bbox 664 1211 769 1242; x_wconf 81' lang='lat' dir='ltr'>sacris</span> <span class='ocrx_word' id='word_1_131' title='bbox 800 1206 1099 1241; x_wconf 87' lang='lat' dir='ltr'>constitucionibus</span> <span class='ocrx_word' id='word_1_132' title='bbox 1129 1206 1338 1240; x_wconf 82' lang='lat' dir='ltr'>laudabiliter</span> <span class='ocrx_word' id='word_1_133' title='bbox 1367 1210 1406 1240; x_wconf 87' lang='lat' dir='ltr'>sit</span> <span class='ocrx_word' id='word_1_134' title='bbox 1429 1209 1615 1252; x_wconf 89' lang='lat' dir='ltr'>provisum.</span> <span class='ocrx_word' id='word_1_135' title='bbox 1645 1205 1732 1251; x_wconf 88' lang='lat' dir='ltr'>quod</span> <span class='ocrx_word' id='word_1_136' title='bbox 1764 1205 1871 1239; x_wconf 90' lang='lat' dir='ltr'>nullus</span> <span class='ocrx_word' id='word_1_137' title='bbox 1902 1204 2026 1238; x_wconf 88' lang='lat' dir='ltr'>l&#39;urtivc</span> 
     </span>
     <span class='ocr_line' id='line_1_18' title="bbox 144 1266 2025 1314; baseline -0.004 -7"><span class='ocrx_word' id='word_1_138' title='bbox 144 1274 178 1307; x_wconf 88' lang='lat' dir='ltr'>in</span> <span class='ocrx_word' id='word_1_139' title='bbox 217 1270 344 1306; x_wconf 84' lang='lat' dir='ltr'>diocesi</span> <span class='ocrx_word' id='word_1_140' title='bbox 379 1270 488 1304; x_wconf 87' lang='lat' dir='ltr'>aliena</span> <span class='ocrx_word' id='word_1_141' title='bbox 528 1270 700 1303; x_wconf 88' lang='lat' dir='ltr'>ordinatus</span> <span class='ocrx_word' id='word_1_142' title='bbox 741 1272 986 1303; x_wconf 75' lang='lat' dir='ltr'>exccucionem</span> <span class='ocrx_word' id='word_1_143' title='bbox 1023 1267 1176 1302; x_wconf 83' lang='lat' dir='ltr'>ordinum</span> <span class='ocrx_word' id='word_1_144' title='bbox 1212 1271 1259 1302; x_wconf 86' lang='lat' dir='ltr'>sic</span> <span class='ocrx_word' id='word_1_145' title='bbox 1298 1272 1535 1314; x_wconf 85' lang='lat' dir='ltr'>perceptorum</span> <span class='ocrx_word' id='word_1_146' title='bbox 1575 1266 1706 1300; x_wconf 87' lang='lat' dir='ltr'>haheat.</span> <span class='ocrx_word' id='word_1_147' title='bbox 1743 1270 1804 1300; x_wconf 86' lang='lat' dir='ltr'>nisi</span> <span class='ocrx_word' id='word_1_148' title='bbox 1842 1278 1901 1312; x_wconf 89' lang='lat' dir='ltr'>per</span> <span class='ocrx_word' id='word_1_149' title='bbox 1931 1277 2025 1299; x_wconf 86' lang='lat' dir='ltr'>suum</span> 
     </span>
     <span class='ocr_line' id='line_1_19' title="bbox 144 1328 2028 1380; baseline -0.004 -12"><span class='ocrx_word' id='word_1_150' title='bbox 144 1335 339 1380; x_wconf 84' lang='lat' dir='ltr'>episcopum</span> <span class='ocrx_word' id='word_1_151' title='bbox 369 1343 484 1366; x_wconf 90' lang='lat' dir='ltr'>secum</span> <span class='ocrx_word' id='word_1_152' title='bbox 515 1334 606 1378; x_wconf 86' lang='lat' dir='ltr'>prius</span> <span class='ocrx_word' id='word_1_153' title='bbox 637 1330 734 1364; x_wconf 83' lang='lat' dir='ltr'>fuerit</span> <span class='ocrx_word' id='word_1_154' title='bbox 766 1331 1007 1376; x_wconf 83' lang='lat' dir='ltr'>dispensatum.</span> <span class='ocrx_word' id='word_1_155' title='bbox 1038 1332 1114 1375; x_wconf 89' lang='lat' dir='ltr'>quia</span> <span class='ocrx_word' id='word_1_156' title='bbox 1136 1334 1247 1363; x_wconf 86' lang='lat' dir='ltr'>tamen</span> <span class='ocrx_word' id='word_1_157' title='bbox 1277 1328 1400 1362; x_wconf 82' lang='lat' dir='ltr'>efficax</span> <span class='ocrx_word' id='word_1_158' title='bbox 1423 1340 1535 1362; x_wconf 88' lang='lat' dir='ltr'>rerum</span> <span class='ocrx_word' id='word_1_159' title='bbox 1567 1339 1688 1373; x_wconf 77' lang='lat' dir='ltr'>magna</span> <span class='ocrx_word' id='word_1_160' title='bbox 1719 1331 1937 1374; x_wconf 79' lang='lat' dir='ltr'>experiencia</span> <span class='ocrx_word' id='word_1_161' title='bbox 1968 1338 2028 1373; x_wconf 86' lang='lat' dir='ltr'>per</span> 
     </span>
     <span class='ocr_line' id='line_1_20' title="bbox 145 1390 2027 1437; baseline -0.004 -8"><span class='ocrx_word' id='word_1_162' title='bbox 145 1393 224 1429; x_wconf 79' lang='lat' dir='ltr'>facti</span> <span class='ocrx_word' id='word_1_163' title='bbox 262 1393 474 1428; x_wconf 88' lang='lat' dir='ltr'>evidenciam</span> <span class='ocrx_word' id='word_1_164' title='bbox 513 1403 573 1427; x_wconf 92' lang='lat' dir='ltr'>nos</span> <span class='ocrx_word' id='word_1_165' title='bbox 613 1392 758 1426; x_wconf 84' lang='lat' dir='ltr'>edocuit.</span> <span class='ocrx_word' id='word_1_166' title='bbox 803 1391 890 1437; x_wconf 82' lang='lat' dir='ltr'>quod</span> <span class='ocrx_word' id='word_1_167' title='bbox 934 1391 1082 1425; x_wconf 85' lang='lat' dir='ltr'>nonnulli</span> <span class='ocrx_word' id='word_1_168' title='bbox 1120 1390 1350 1425; x_wconf 84' lang='lat' dir='ltr'>archidiaconi</span> <span class='ocrx_word' id='word_1_169' title='bbox 1390 1402 1449 1436; x_wconf 90' lang='lat' dir='ltr'>pcr</span> <span class='ocrx_word' id='word_1_170' title='bbox 1487 1394 1636 1424; x_wconf 90' lang='lat' dir='ltr'>nostram</span> <span class='ocrx_word' id='word_1_171' title='bbox 1667 1390 1827 1423; x_wconf 74' lang='lat' dir='ltr'>diocesim</span> <span class='ocrx_word' id='word_1_172' title='bbox 1859 1392 2027 1423; x_wconf 89' lang='lat' dir='ltr'>constituti</span> 
     </span>
     <span class='ocr_line' id='line_1_21' title="bbox 144 1450 2027 1503; baseline -0.003 -13"><span class='ocrx_word' id='word_1_173' title='bbox 144 1454 336 1503; x_wconf 81' lang='lat' dir='ltr'>improvide</span> <span class='ocrx_word' id='word_1_174' title='bbox 373 1465 447 1488; x_wconf 89' lang='lat' dir='ltr'>cum</span> <span class='ocrx_word' id='word_1_175' title='bbox 486 1458 595 1488; x_wconf 83' lang='lat' dir='ltr'>tamen</span> <span class='ocrx_word' id='word_1_176' title='bbox 634 1453 662 1487; x_wconf 90' lang='lat' dir='ltr'>id</span> <span class='ocrx_word' id='word_1_177' title='bbox 704 1452 817 1486; x_wconf 75' lang='lat' dir='ltr'>facere</span> <span class='ocrx_word' id='word_1_178' title='bbox 856 1464 921 1486; x_wconf 90' lang='lat' dir='ltr'>non</span> <span class='ocrx_word' id='word_1_179' title='bbox 958 1457 1094 1498; x_wconf 88' lang='lat' dir='ltr'>possunt</span> <span class='ocrx_word' id='word_1_180' title='bbox 1131 1452 1224 1487; x_wconf 88' lang='lat' dir='ltr'>tales.</span> <span class='ocrx_word' id='word_1_181' title='bbox 1261 1452 1403 1486; x_wconf 85' lang='lat' dir='ltr'>tolerant</span> <span class='ocrx_word' id='word_1_182' title='bbox 1443 1455 1492 1485; x_wconf 88' lang='lat' dir='ltr'>eis</span> <span class='ocrx_word' id='word_1_183' title='bbox 1523 1451 1649 1485; x_wconf 81' lang='lat' dir='ltr'>litteras</span> <span class='ocrx_word' id='word_1_184' title='bbox 1692 1462 1781 1485; x_wconf 85' lang='lat' dir='ltr'>suns.</span> <span class='ocrx_word' id='word_1_185' title='bbox 1825 1450 2027 1496; x_wconf 80' lang='lat' dir='ltr'>quandoque</span> 
     </span>
     <span class='ocr_line' id='line_1_22' title="bbox 145 1511 2027 1560; baseline -0.003 -9"><span class='ocrx_word' id='word_1_186' title='bbox 145 1515 343 1558; x_wconf 67' lang='lat' dir='ltr'>tolerentur,</span> <span class='ocrx_word' id='word_1_187' title='bbox 374 1515 560 1560; x_wconf 82' lang='lat' dir='ltr'>indulgent.</span> <span class='ocrx_word' id='word_1_188' title='bbox 591 1517 622 1549; x_wconf 92' lang='lat' dir='ltr'>in</span> <span class='ocrx_word' id='word_1_189' title='bbox 653 1518 785 1559; x_wconf 66' lang='lat' dir='ltr'>siguum</span> <span class='ocrx_word' id='word_1_190' title='bbox 817 1518 865 1547; x_wconf 83' lang='lat' dir='ltr'>sui</span> <span class='ocrx_word' id='word_1_191' title='bbox 898 1515 1034 1558; x_wconf 86' lang='lat' dir='ltr'>majoris</span> <span class='ocrx_word' id='word_1_192' title='bbox 1064 1524 1229 1547; x_wconf 78' lang='lat' dir='ltr'>excessus</span> <span class='ocrx_word' id='word_1_193' title='bbox 1258 1513 1472 1559; x_wconf 85' lang='lat' dir='ltr'>presentibus</span> <span class='ocrx_word' id='word_1_194' title='bbox 1503 1512 1714 1555; x_wconf 79' lang='lat' dir='ltr'>conceduut;</span> <span class='ocrx_word' id='word_1_195' title='bbox 1754 1511 1954 1546; x_wconf 87' lang='lat' dir='ltr'>inhibemus.</span> <span class='ocrx_word' id='word_1_196' title='bbox 1986 1522 2027 1545; x_wconf 82' lang='lat' dir='ltr'>ne</span> 
     </span>
     <span class='ocr_line' id='line_1_23' title="bbox 146 1562 2028 1624; baseline -0.003 -11"><span class='ocrx_word' id='word_1_197' title='bbox 146 1579 321 1624; x_wconf 87' lang='lat' dir='ltr'>quisquam</span> <span class='ocrx_word' id='word_1_198' title='bbox 351 1576 464 1611; x_wconf 87' lang='lat' dir='ltr'>talium</span> <span class='ocrx_word' id='word_1_199' title='bbox 482 1588 543 1623; x_wconf 89' lang='lat' dir='ltr'>per</span> <span class='ocrx_word' id='word_1_200' title='bbox 559 1562 702 1622; x_wconf 80' lang='lat' dir='ltr'>aliquem</span> <span class='ocrx_word' id='word_1_201' title='bbox 734 1575 1008 1610; x_wconf 78' lang='lat' dir='ltr'>archidiaconum</span> <span class='ocrx_word' id='word_1_202' title='bbox 1040 1586 1099 1608; x_wconf 88' lang='lat' dir='ltr'>seu</span> <span class='ocrx_word' id='word_1_203' title='bbox 1130 1574 1308 1620; x_wconf 80' lang='lat' dir='ltr'>plebanum</span> <span class='ocrx_word' id='word_1_204' title='bbox 1331 1579 1523 1608; x_wconf 90' lang='lat' dir='ltr'>nostrorum</span> <span class='ocrx_word' id='word_1_205' title='bbox 1545 1575 1584 1608; x_wconf 92' lang='lat' dir='ltr'>ad</span> <span class='ocrx_word' id='word_1_206' title='bbox 1608 1577 1853 1608; x_wconf 83' lang='lat' dir='ltr'>cxecucioncin</span> <span class='ocrx_word' id='word_1_207' title='bbox 1875 1573 2028 1607; x_wconf 87' lang='lat' dir='ltr'>ordinum</span> 
     </span>
     <span class='ocr_line' id='line_1_24' title="bbox 146 1635 2031 1685; baseline -0.003 -12"><span class='ocrx_word' id='word_1_208' title='bbox 146 1641 196 1674; x_wconf 88' lang='lat' dir='ltr'>sic</span> <span class='ocrx_word' id='word_1_209' title='bbox 223 1642 458 1685; x_wconf 84' lang='lat' dir='ltr'>susceptorum</span> <span class='ocrx_word' id='word_1_210' title='bbox 488 1637 631 1684; x_wconf 85' lang='lat' dir='ltr'>amplius</span> <span class='ocrx_word' id='word_1_211' title='bbox 660 1637 888 1670; x_wconf 86' lang='lat' dir='ltr'>admittantur.</span> <span class='ocrx_word' id='word_1_212' title='bbox 921 1639 981 1670; x_wconf 94' lang='lat' dir='ltr'>nisi</span> <span class='ocrx_word' id='word_1_213' title='bbox 1012 1635 1052 1669; x_wconf 91' lang='lat' dir='ltr'>de</span> <span class='ocrx_word' id='word_1_214' title='bbox 1074 1636 1334 1682; x_wconf 83' lang='lat' dir='ltr'>dispensacione</span> <span class='ocrx_word' id='word_1_215' title='bbox 1355 1636 1507 1670; x_wconf 87' lang='lat' dir='ltr'>ordinum</span> <span class='ocrx_word' id='word_1_216' title='bbox 1540 1639 1589 1669; x_wconf 89' lang='lat' dir='ltr'>sic</span> <span class='ocrx_word' id='word_1_217' title='bbox 1611 1641 1846 1682; x_wconf 85' lang='lat' dir='ltr'>perceptorum</span> <span class='ocrx_word' id='word_1_218' title='bbox 1881 1647 1940 1681; x_wconf 84' lang='lat' dir='ltr'>per</span> <span class='ocrx_word' id='word_1_219' title='bbox 1971 1646 2031 1668; x_wconf 82' lang='lat' dir='ltr'>nos</span> 
     </span>
     <span class='ocr_line' id='line_1_25' title="bbox 146 1697 1449 1747; baseline -0.003 -12"><span class='ocrx_word' id='word_1_220' title='bbox 146 1703 239 1747; x_wconf 80' lang='lat' dir='ltr'>prius</span> <span class='ocrx_word' id='word_1_221' title='bbox 268 1699 356 1734; x_wconf 81' lang='lat' dir='ltr'>facta</span> <span class='ocrx_word' id='word_1_222' title='bbox 386 1710 447 1746; x_wconf 87' lang='lat' dir='ltr'>per</span> <span class='ocrx_word' id='word_1_223' title='bbox 476 1703 609 1733; x_wconf 86' lang='lat' dir='ltr'>nostras</span> <span class='ocrx_word' id='word_1_224' title='bbox 640 1703 794 1745; x_wconf 86' lang='lat' dir='ltr'>patentes</span> <span class='ocrx_word' id='word_1_225' title='bbox 825 1698 951 1731; x_wconf 73' lang='lat' dir='ltr'>litteras</span> <span class='ocrx_word' id='word_1_226' title='bbox 982 1698 1078 1731; x_wconf 81' lang='lat' dir='ltr'>luerit</span> <span class='ocrx_word' id='word_1_227' title='bbox 1111 1697 1196 1731; x_wconf 86' lang='lat' dir='ltr'>sacta</span> <span class='ocrx_word' id='word_1_228' title='bbox 1227 1698 1326 1744; x_wconf 85' lang='lat' dir='ltr'>plena</span> <span class='ocrx_word' id='word_1_229' title='bbox 1357 1697 1449 1731; x_wconf 84' lang='lat' dir='ltr'>tides.</span> 
     </span>
    </p>
   </div>
   <div class='ocr_carea' id='block_1_7' title="bbox 798 1943 1385 1988">
    <p class='ocr_par' dir='ltr' id='par_1_7' title="bbox 798 1943 1385 1988">
     <span class='ocr_line' id='line_1_26' title="bbox 798 1943 1385 1988; baseline -0.003 -10"><span class='ocrx_word' id='word_1_230' title='bbox 798 1943 855 1978; x_wconf 75' lang='lat' dir='ltr'>D.-</span> <span class='ocrx_word' id='word_1_231' title='bbox 895 1944 1077 1977; x_wconf 77' lang='lat' dir='ltr'>clericis</span> <span class='ocrx_word' id='word_1_232' title='bbox 1115 1945 1385 1988; x_wconf 77' lang='lat' dir='ltr'>peregrinis.</span> 
     </span>
    </p>
   </div>
   <div class='ocr_carea' id='block_1_8' title="bbox 147 2029 2035 2737">
    <p class='ocr_par' dir='ltr' id='par_1_8' title="bbox 147 2029 2035 2737">
     <span class='ocr_line' id='line_1_27' title="bbox 306 2029 2028 2077; baseline -0.002 -12"><span class='ocrx_word' id='word_1_233' title='bbox 306 2030 397 2066; x_wconf 82' lang='lat' dir='ltr'>Sane</span> <span class='ocrx_word' id='word_1_234' title='bbox 417 2031 494 2065; x_wconf 82' lang='lat' dir='ltr'>licet</span> <span class='ocrx_word' id='word_1_235' title='bbox 510 2033 580 2075; x_wconf 83' lang='lat' dir='ltr'>jam</span> <span class='ocrx_word' id='word_1_236' title='bbox 598 2030 719 2065; x_wconf 90' lang='lat' dir='ltr'>dudum</span> <span class='ocrx_word' id='word_1_237' title='bbox 738 2042 798 2077; x_wconf 86' lang='lat' dir='ltr'>per</span> <span class='ocrx_word' id='word_1_238' title='bbox 818 2030 939 2064; x_wconf 88' lang='lat' dir='ltr'>bonum</span> <span class='ocrx_word' id='word_1_239' title='bbox 963 2030 1312 2064; x_wconf 84' lang='lat' dir='ltr'>recummeudacionis</span> <span class='ocrx_word' id='word_1_240' title='bbox 1333 2030 1502 2063; x_wconf 90' lang='lat' dir='ltr'>dominum</span> <span class='ocrx_word' id='word_1_241' title='bbox 1521 2029 1725 2064; x_wconf 63' lang='lat' dir='ltr'>conradum.</span> <span class='ocrx_word' id='word_1_242' title='bbox 1748 2030 2028 2075; x_wconf 76' lang='lat' dir='ltr'>predecessorem</span> 
     </span>
     <span class='ocr_line' id='line_1_28' title="bbox 148 2090 2031 2139; baseline -0.002 -12"><span class='ocrx_word' id='word_1_243' title='bbox 148 2096 299 2128; x_wconf 78' lang='lat' dir='ltr'>nostrum</span> <span class='ocrx_word' id='word_1_244' title='bbox 328 2095 410 2126; x_wconf 80' lang='lat' dir='ltr'>satis</span> <span class='ocrx_word' id='word_1_245' title='bbox 438 2092 581 2139; x_wconf 75' lang='lat' dir='ltr'>provide</span> <span class='ocrx_word' id='word_1_246' title='bbox 621 2092 718 2126; x_wconf 84' lang='lat' dir='ltr'>suerit</span> <span class='ocrx_word' id='word_1_247' title='bbox 757 2095 984 2126; x_wconf 82' lang='lat' dir='ltr'>constitutum.</span> <span class='ocrx_word' id='word_1_248' title='bbox 1027 2090 1114 2137; x_wconf 86' lang='lat' dir='ltr'>quod</span> <span class='ocrx_word' id='word_1_249' title='bbox 1159 2090 1270 2125; x_wconf 89' lang='lat' dir='ltr'>nullus</span> <span class='ocrx_word' id='word_1_250' title='bbox 1306 2091 1346 2124; x_wconf 91' lang='lat' dir='ltr'>de</span> <span class='ocrx_word' id='word_1_251' title='bbox 1384 2091 1446 2125; x_wconf 84' lang='lat' dir='ltr'>alia</span> <span class='ocrx_word' id='word_1_252' title='bbox 1487 2091 1613 2125; x_wconf 79' lang='lat' dir='ltr'>diocesi</span> <span class='ocrx_word' id='word_1_253' title='bbox 1658 2102 1718 2137; x_wconf 88' lang='lat' dir='ltr'>per</span> <span class='ocrx_word' id='word_1_254' title='bbox 1757 2090 1933 2137; x_wconf 88' lang='lat' dir='ltr'>plebanum</span> <span class='ocrx_word' id='word_1_255' title='bbox 1972 2102 2031 2124; x_wconf 74' lang='lat' dir='ltr'>seu</span> 
     </span>
     <span class='ocr_line' id='line_1_29' title="bbox 147 2151 2032 2199; baseline -0.002 -11"><span class='ocrx_word' id='word_1_256' title='bbox 147 2157 318 2188; x_wconf 80' lang='lat' dir='ltr'>rectorem</span> <span class='ocrx_word' id='word_1_257' title='bbox 347 2153 494 2188; x_wconf 77' lang='lat' dir='ltr'>ecclesie</span> <span class='ocrx_word' id='word_1_258' title='bbox 529 2153 657 2199; x_wconf 81' lang='lat' dir='ltr'>absque</span> <span class='ocrx_word' id='word_1_259' title='bbox 687 2153 826 2187; x_wconf 76' lang='lat' dir='ltr'>licencia</span> <span class='ocrx_word' id='word_1_260' title='bbox 858 2155 1006 2199; x_wconf 79' lang='lat' dir='ltr'>episcopi</span> <span class='ocrx_word' id='word_1_261' title='bbox 1038 2155 1068 2185; x_wconf 87' lang='lat' dir='ltr'>in</span> <span class='ocrx_word' id='word_1_262' title='bbox 1099 2152 1226 2185; x_wconf 76' lang='lat' dir='ltr'>diocesi</span> <span class='ocrx_word' id='word_1_263' title='bbox 1257 2163 1317 2197; x_wconf 84' lang='lat' dir='ltr'>pro</span> <span class='ocrx_word' id='word_1_264' title='bbox 1348 2155 1477 2186; x_wconf 87' lang='lat' dir='ltr'>vicario</span> <span class='ocrx_word' id='word_1_265' title='bbox 1509 2155 1612 2198; x_wconf 82' lang='lat' dir='ltr'>recipi</span> <span class='ocrx_word' id='word_1_266' title='bbox 1634 2151 1766 2186; x_wconf 81' lang='lat' dir='ltr'>delicat.</span> <span class='ocrx_word' id='word_1_267' title='bbox 1798 2163 1857 2185; x_wconf 87' lang='lat' dir='ltr'>seu</span> <span class='ocrx_word' id='word_1_268' title='bbox 1889 2155 2032 2198; x_wconf 80' lang='lat' dir='ltr'>permitti</span> 
     </span>
     <span class='ocr_line' id='line_1_30' title="bbox 149 2213 2034 2259; baseline -0.002 -9"><span class='ocrx_word' id='word_1_269' title='bbox 149 2215 381 2250; x_wconf 76' lang='lat' dir='ltr'>ecclesiastica</span> <span class='ocrx_word' id='word_1_270' title='bbox 411 2220 624 2249; x_wconf 84' lang='lat' dir='ltr'>sacramenta</span> <span class='ocrx_word' id='word_1_271' title='bbox 646 2220 804 2249; x_wconf 84' lang='lat' dir='ltr'>tractare.</span> <span class='ocrx_word' id='word_1_272' title='bbox 836 2217 971 2248; x_wconf 75' lang='lat' dir='ltr'>eciamsi</span> <span class='ocrx_word' id='word_1_273' title='bbox 994 2214 1202 2246; x_wconf 79' lang='lat' dir='ltr'>dimissorias</span> <span class='ocrx_word' id='word_1_274' title='bbox 1223 2224 1360 2247; x_wconf 86' lang='lat' dir='ltr'>suorum</span> <span class='ocrx_word' id='word_1_275' title='bbox 1383 2214 1588 2259; x_wconf 80' lang='lat' dir='ltr'>prelatorum</span> <span class='ocrx_word' id='word_1_276' title='bbox 1613 2213 1777 2247; x_wconf 79' lang='lat' dir='ltr'>habuerit.</span> <span class='ocrx_word' id='word_1_277' title='bbox 1809 2216 1910 2247; x_wconf 85' lang='lat' dir='ltr'>certis</span> <span class='ocrx_word' id='word_1_278' title='bbox 1931 2224 2034 2259; x_wconf 87' lang='lat' dir='ltr'>super</span> 
     </span>
     <span class='ocr_line' id='line_1_31' title="bbox 150 2274 2033 2323; baseline -0.002 -13"><span class='ocrx_word' id='word_1_279' title='bbox 150 2274 217 2311; x_wconf 82' lang='lat' dir='ltr'>hoc</span> <span class='ocrx_word' id='word_1_280' title='bbox 244 2279 341 2323; x_wconf 87' lang='lat' dir='ltr'>penis</span> <span class='ocrx_word' id='word_1_281' title='bbox 374 2279 562 2322; x_wconf 81' lang='lat' dir='ltr'>expressis.</span> <span class='ocrx_word' id='word_1_282' title='bbox 620 2275 685 2322; x_wconf 85' lang='lat' dir='ltr'>Ipsi</span> <span class='ocrx_word' id='word_1_283' title='bbox 725 2281 836 2310; x_wconf 82' lang='lat' dir='ltr'>tamen</span> <span class='ocrx_word' id='word_1_284' title='bbox 873 2278 1108 2309; x_wconf 64' lang='lat' dir='ltr'>constitui-toni</span> <span class='ocrx_word' id='word_1_285' title='bbox 1149 2278 1285 2319; x_wconf 77' lang='lat' dir='ltr'>propter</span> <span class='ocrx_word' id='word_1_286' title='bbox 1323 2278 1616 2319; x_wconf 67' lang='lat' dir='ltr'>transgressorum</span> <span class='ocrx_word' id='word_1_287' title='bbox 1647 2274 1820 2308; x_wconf 87' lang='lat' dir='ltr'>audaciam</span> <span class='ocrx_word' id='word_1_288' title='bbox 1852 2275 2033 2308; x_wconf 81' lang='lat' dir='ltr'>consulens</span> 
     </span>
     <span class='ocr_line' id='line_1_32' title="bbox 150 2335 2032 2381; baseline -0.002 -11"><span class='ocrx_word' id='word_1_289' title='bbox 150 2335 376 2381; x_wconf 83' lang='lat' dir='ltr'>adjiciendum</span> <span class='ocrx_word' id='word_1_290' title='bbox 420 2336 575 2371; x_wconf 81' lang='lat' dir='ltr'>duximus</span> <span class='ocrx_word' id='word_1_291' title='bbox 619 2342 732 2371; x_wconf 83' lang='lat' dir='ltr'>nostra</span> <span class='ocrx_word' id='word_1_292' title='bbox 777 2339 1021 2370; x_wconf 73' lang='lat' dir='ltr'>constitucione</span> <span class='ocrx_word' id='word_1_293' title='bbox 1057 2338 1217 2380; x_wconf 78' lang='lat' dir='ltr'>presenti.</span> <span class='ocrx_word' id='word_1_294' title='bbox 1257 2340 1290 2368; x_wconf 92' lang='lat' dir='ltr'>ut</span> <span class='ocrx_word' id='word_1_295' title='bbox 1328 2335 1435 2369; x_wconf 74' lang='lat' dir='ltr'>nullus</span> <span class='ocrx_word' id='word_1_296' title='bbox 1475 2335 1549 2369; x_wconf 91' lang='lat' dir='ltr'>talis</span> <span class='ocrx_word' id='word_1_297' title='bbox 1587 2336 1628 2368; x_wconf 78' lang='lat' dir='ltr'>di·</span> <span class='ocrx_word' id='word_1_298' title='bbox 1666 2340 1782 2369; x_wconf 77' lang='lat' dir='ltr'>cetero</span> <span class='ocrx_word' id='word_1_299' title='bbox 1812 2347 1872 2381; x_wconf 92' lang='lat' dir='ltr'>pro</span> <span class='ocrx_word' id='word_1_300' title='bbox 1903 2338 2032 2369; x_wconf 85' lang='lat' dir='ltr'>vicario</span> 
     </span>
     <span class='ocr_line' id='line_1_33' title="bbox 149 2396 2034 2444; baseline -0.001 -12"><span class='ocrx_word' id='word_1_301' title='bbox 149 2399 345 2444; x_wconf 81' lang='lat' dir='ltr'>recipiatur.</span> <span class='ocrx_word' id='word_1_302' title='bbox 375 2409 433 2432; x_wconf 85' lang='lat' dir='ltr'>seu</span> <span class='ocrx_word' id='word_1_303' title='bbox 473 2397 513 2431; x_wconf 85' lang='lat' dir='ltr'>ad</span> <span class='ocrx_word' id='word_1_304' title='bbox 551 2397 882 2432; x_wconf 79' lang='lat' dir='ltr'>a(lininistraci‹mcm</span> <span class='ocrx_word' id='word_1_305' title='bbox 923 2396 1233 2430; x_wconf 74' lang='lat' dir='ltr'>ecclesiasticorum</span> <span class='ocrx_word' id='word_1_306' title='bbox 1272 2401 1561 2430; x_wconf 85' lang='lat' dir='ltr'>sacramentorum</span> <span class='ocrx_word' id='word_1_307' title='bbox 1601 2397 1804 2430; x_wconf 84' lang='lat' dir='ltr'>admittatur.</span> <span class='ocrx_word' id='word_1_308' title='bbox 1849 2399 1911 2430; x_wconf 85' lang='lat' dir='ltr'>nisi</span> <span class='ocrx_word' id='word_1_309' title='bbox 1943 2400 2034 2443; x_wconf 73' lang='lat' dir='ltr'>prius</span> 
     </span>
     <span class='ocr_line' id='line_1_34' title="bbox 148 2456 2034 2505; baseline -0.001 -12"><span class='ocrx_word' id='word_1_310' title='bbox 148 2457 392 2493; x_wconf 76' lang='lat' dir='ltr'>archidiacono</span> <span class='ocrx_word' id='word_1_311' title='bbox 421 2459 484 2493; x_wconf 90' lang='lat' dir='ltr'>loci</span> <span class='ocrx_word' id='word_1_312' title='bbox 515 2463 728 2505; x_wconf 89' lang='lat' dir='ltr'>presentatus</span> <span class='ocrx_word' id='word_1_313' title='bbox 759 2458 856 2492; x_wconf 77' lang='lat' dir='ltr'>suerit</span> <span class='ocrx_word' id='word_1_314' title='bbox 888 2469 947 2504; x_wconf 89' lang='lat' dir='ltr'>per</span> <span class='ocrx_word' id='word_1_315' title='bbox 978 2461 1083 2503; x_wconf 79' lang='lat' dir='ltr'>ipsum</span> <span class='ocrx_word' id='word_1_316' title='bbox 1105 2456 1394 2491; x_wconf 85' lang='lat' dir='ltr'>archidiaconum.</span> <span class='ocrx_word' id='word_1_317' title='bbox 1424 2469 1483 2491; x_wconf 86' lang='lat' dir='ltr'>seu</span> <span class='ocrx_word' id='word_1_318' title='bbox 1514 2459 1586 2502; x_wconf 78' lang='lat' dir='ltr'>ejus</span> <span class='ocrx_word' id='word_1_319' title='bbox 1608 2458 1735 2491; x_wconf 80' lang='lat' dir='ltr'>litteras</span> <span class='ocrx_word' id='word_1_320' title='bbox 1756 2462 1909 2504; x_wconf 83' lang='lat' dir='ltr'>patentes</span> <span class='ocrx_word' id='word_1_321' title='bbox 1939 2457 2034 2491; x_wconf 73' lang='lat' dir='ltr'>nohis</span> 
     </span>
     <span class='ocr_line' id='line_1_35' title="bbox 149 2518 2033 2566; baseline -0.002 -12"><span class='ocrx_word' id='word_1_322' title='bbox 149 2518 263 2555; x_wconf 78' lang='lat' dir='ltr'>denuo</span> <span class='ocrx_word' id='word_1_323' title='bbox 303 2520 562 2566; x_wconf 84' lang='lat' dir='ltr'>presentandus,</span> <span class='ocrx_word' id='word_1_324' title='bbox 601 2525 779 2566; x_wconf 86' lang='lat' dir='ltr'>antequam</span> <span class='ocrx_word' id='word_1_325' title='bbox 816 2531 852 2553; x_wconf 75' lang='lat' dir='ltr'>si·</span> <span class='ocrx_word' id='word_1_326' title='bbox 892 2519 1014 2552; x_wconf 78' lang='lat' dir='ltr'>divinis</span> <span class='ocrx_word' id='word_1_327' title='bbox 1051 2522 1194 2557; x_wconf 64' lang='lat' dir='ltr'>inm-rat.</span> <span class='ocrx_word' id='word_1_328' title='bbox 1232 2518 1333 2562; x_wconf 67' lang='lat' dir='ltr'>digno</span> <span class='ocrx_word' id='word_1_329' title='bbox 1364 2530 1424 2564; x_wconf 86' lang='lat' dir='ltr'>per</span> <span class='ocrx_word' id='word_1_330' title='bbox 1453 2529 1514 2552; x_wconf 88' lang='lat' dir='ltr'>nos</span> <span class='ocrx_word' id='word_1_331' title='bbox 1543 2521 1690 2552; x_wconf 77' lang='lat' dir='ltr'>exainiui</span> <span class='ocrx_word' id='word_1_332' title='bbox 1721 2518 1961 2562; x_wconf 81' lang='lat' dir='ltr'>subjiciendus.</span> <span class='ocrx_word' id='word_1_333' title='bbox 1993 2530 2033 2552; x_wconf 92' lang='lat' dir='ltr'>au</span> 
     </span>
     <span class='ocr_line' id='line_1_36' title="bbox 148 2578 2032 2627; baseline -0.001 -12"><span class='ocrx_word' id='word_1_334' title='bbox 148 2579 274 2627; x_wconf 76' lang='lat' dir='ltr'>dignus</span> <span class='ocrx_word' id='word_1_335' title='bbox 303 2584 344 2615; x_wconf 88' lang='lat' dir='ltr'>sit</span> <span class='ocrx_word' id='word_1_336' title='bbox 372 2580 414 2615; x_wconf 82' lang='lat' dir='ltr'>ad</span> <span class='ocrx_word' id='word_1_337' title='bbox 444 2584 630 2615; x_wconf 80' lang='lat' dir='ltr'>animm-um</span> <span class='ocrx_word' id='word_1_338' title='bbox 662 2591 797 2615; x_wconf 84' lang='lat' dir='ltr'>suarum</span> <span class='ocrx_word' id='word_1_339' title='bbox 835 2584 987 2618; x_wconf 65' lang='lat' dir='ltr'>regimen</span> <span class='ocrx_word' id='word_1_340' title='bbox 1008 2578 1278 2616; x_wconf 60' lang='lat' dir='ltr'>gubernandum.</span> <span class='ocrx_word' id='word_1_341' title='bbox 1308 2590 1370 2613; x_wconf 89' lang='lat' dir='ltr'>nec</span> <span class='ocrx_word' id='word_1_342' title='bbox 1401 2583 1477 2613; x_wconf 87' lang='lat' dir='ltr'>tunc</span> <span class='ocrx_word' id='word_1_343' title='bbox 1508 2581 1624 2623; x_wconf 85' lang='lat' dir='ltr'>etjam</span> <span class='ocrx_word' id='word_1_344' title='bbox 1647 2591 1720 2613; x_wconf 92' lang='lat' dir='ltr'>cum</span> <span class='ocrx_word' id='word_1_345' title='bbox 1744 2584 1899 2626; x_wconf 79' lang='lat' dir='ltr'>receptus</span> <span class='ocrx_word' id='word_1_346' title='bbox 1922 2580 2032 2613; x_wconf 79' lang='lat' dir='ltr'>suerit.</span> 
     </span>
     <span class='ocr_line' id='line_1_37' title="bbox 149 2640 2035 2688; baseline -0.002 -11"><span class='ocrx_word' id='word_1_347' title='bbox 149 2641 294 2677; x_wconf 81' lang='lat' dir='ltr'>idoneus</span> <span class='ocrx_word' id='word_1_348' title='bbox 323 2645 505 2688; x_wconf 84' lang='lat' dir='ltr'>recipiatur</span> <span class='ocrx_word' id='word_1_349' title='bbox 533 2653 550 2675; x_wconf 88' lang='lat' dir='ltr'>a</span> <span class='ocrx_word' id='word_1_350' title='bbox 583 2653 739 2687; x_wconf 84' lang='lat' dir='ltr'>quoqam.</span> <span class='ocrx_word' id='word_1_351' title='bbox 772 2644 833 2675; x_wconf 86' lang='lat' dir='ltr'>nisi</span> <span class='ocrx_word' id='word_1_352' title='bbox 864 2644 987 2675; x_wconf 85' lang='lat' dir='ltr'>nostris</span> <span class='ocrx_word' id='word_1_353' title='bbox 1004 2640 1122 2674; x_wconf 81' lang='lat' dir='ltr'>litteris</span> <span class='ocrx_word' id='word_1_354' title='bbox 1154 2642 1351 2686; x_wconf 85' lang='lat' dir='ltr'>receptoriis</span> <span class='ocrx_word' id='word_1_355' title='bbox 1373 2640 1562 2686; x_wconf 77' lang='lat' dir='ltr'>patentibus</span> <span class='ocrx_word' id='word_1_356' title='bbox 1582 2645 1698 2675; x_wconf 87' lang='lat' dir='ltr'>nostro</span> <span class='ocrx_word' id='word_1_357' title='bbox 1727 2641 1837 2683; x_wconf 72' lang='lat' dir='ltr'>sigillo</span> <span class='ocrx_word' id='word_1_358' title='bbox 1869 2640 2035 2674; x_wconf 70' lang='lat' dir='ltr'>roboratis</span> 
     </span>
     <span class='ocr_line' id='line_1_38' title="bbox 151 2701 517 2737; baseline -0.003 0"><span class='ocrx_word' id='word_1_359' title='bbox 151 2701 252 2737; x_wconf 76' lang='lat' dir='ltr'>fuerit</span> <span class='ocrx_word' id='word_1_360' title='bbox 281 2706 517 2737; x_wconf 87' lang='lat' dir='ltr'>communitus.</span> 
     </span>
    </p>
   </div>
  </div>
 </body>
</html>
