2347 3153
1017 214 1092 248 283

278 318 359 353 Item
390 319 431 353 de
461 318 612 365 panibus.
642 322 798 365 personis
825 319 970 353 ecclesie
1000 318 1249 353 distribuendis.
1281 322 1322 352 ita
1344 322 1524 353 statuimus
1554 319 1729 353 observari
1759 325 1789 353 et
1822 321 1993 355 volumus.

119 380 207 426 quod
237 383 426 427 prepositus
456 383 637 414 canonicus
667 379 891 426 prebendatus
921 383 1030 414 viator
1059 379 1256 414 adveniens.
1288 383 1314 413 si
1345 384 1422 413 aute
1452 391 1611 414 occasum
1639 381 1718 414 solis
1753 382 1791 414 ad
1824 384 1991 415 civitatem

117 446 150 477 et
181 441 290 476 locum
328 452 388 475 sue
418 441 637 475 habitacionis
666 444 871 487 pervenerit.
903 441 956 474 ilio
992 441 1045 474 die
1087 445 1219 475 tenetur
1249 452 1352 487 panes
1384 440 1521 475 babere.
1558 440 1723 475 Resideus
1753 453 1836 474 vero
1864 446 1893 475 et
1927 453 1992 476 non

118 505 246 537 intrans
276 507 427 548 tempore
457 502 644 536 divinorum
675 502 852 536 ecelesiam
883 507 914 535 et
946 501 1066 536 ibidem
1099 506 1130 536 in
1161 502 1306 536 ecclesia
1339 505 1431 535 visus
1465 513 1529 536 non
1552 502 1662 536 suerit.
1685 505 1756 548 ipso
1777 502 1829 535 die
1852 503 1990 548 panibus

118 567 248 599 careat.
278 566 340 598 nisi
371 563 520 608 legitima
552 568 582 596 et
614 562 806 596 racionabili
837 573 937 596 causa
968 574 1084 597 coram
1115 565 1286 609 preposito
1315 568 1345 596 et
1377 563 1521 609 capitulo
1551 568 1743 596 excusetur.

279 623 360 658 ltem
391 627 566 658 statuimus
595 629 625 657 et
658 624 823 658 volumus.
855 627 880 657 si
911 627 1102 670 prepositus
1132 629 1162 657 et
1185 627 1368 658 canonicus
1390 627 1420 657 in
1443 627 1552 658 saci-is
1574 635 1639 658 non
1661 624 1770 659 suerit.
1794 627 1989 669 porcionum

118 690 151 721 et
177 685 316 720 aliarum
345 696 619 731 quarumcunque
649 685 907 719 obvencionum.
939 689 1045 719 eciam
1075 688 1102 718 si
1132 685 1304 718 esculente
1334 690 1364 718 et
1397 685 1572 730 potulente
1602 685 1735 719 l'ueriut.
1765 696 1829 730 que
1855 688 1990 719 racione

118 748 362 781 interessencie
391 746 579 780 divinorum
609 746 680 779 dari
710 750 974 780 consueverunt.
1006 745 1127 779 nuttam
1158 749 1289 791 penitus
1320 745 1438 779 babeat
1469 749 1674 792 porcionem.

275 806 356 842 Item
385 810 560 841 statuimus
595 811 626 840 et
658 808 823 841 volumus.
863 807 949 852 quod
989 810 1015 840 si
1054 809 1244 853 prepositus
1287 811 1317 840 et
1361 806 1497 851 quilibet
1541 810 1723 840 canonicus
1767 806 1991 852 prebendatus

117 871 267 903 vicarius
309 872 340 902 et
383 869 530 902 altarista
573 871 694 913 quovis
738 868 836 901 modo
879 867 1001 901 absens
1041 868 1151 902 fuerit.
1190 879 1249 900 seu
1291 870 1395 913 ipsum
1435 867 1474 900 ad
1516 867 1649 912 aliquod
1686 872 1816 914 tempus
1854 868 1987 912 longum

116 928 298 964 absentare
335 931 560 973 contingeret.
596 933 719 962 extunc
759 933 895 974 propter
930 931 978 962 sui
1015 928 1206 962 absenciam
1246 929 1287 961 de
1326 931 1458 973 gremio
1500 928 1646 962 ecclesie
1684 929 1832 974 predicte
1862 928 1987 962 babere

117 989 216 1024 debet
257 990 442 1034 legitimum
486 979 564 1024 mox
608 989 811 1023 residentem
856 994 1122 1036 procuratorem,
1168 1001 1221 1034 qui
1266 1000 1370 1023 onera
1409 989 1469 1022 sibi
1511 989 1741 1023 incumbencia
1781 994 1811 1022 et
1842 993 1987 1023 sei-vieta

117 1054 318 1098 supportare
347 1050 514 1085 tenebitur
542 1053 618 1085 vice
647 1055 677 1083 et
715 1053 848 1084 nomine
884 1050 1033 1084 eiusdem
1069 1050 1229 1084 absentis.
1271 1063 1311 1083 eo
1350 1051 1520 1084 dumtaxat
1561 1051 1712 1085 excluso.
1751 1051 1837 1096 quod
1877 1050 1986 1084 ol'tieia

119 1111 232 1146 divina
262 1122 322 1158 per
351 1114 554 1158 prepositum
584 1116 615 1145 ct
645 1114 842 1145 canonicum
884 1116 1058 1157 presentes
1089 1115 1118 1144 et
1151 1111 1341 1145 residentes
1380 1111 1449 1145 lieri
1482 1116 1641 1145 consueta
1673 1111 1757 1145 idem
1790 1117 1990 1158 prm-arator

118 1175 242 1219 exequi
272 1176 303 1206 et
333 1183 500 1219 peragere
531 1175 665 1206 minime
696 1176 858 1205 teneatur.

274 1232 310 1268 Si
340 1233 417 1279 quid
448 1236 534 1267 inter
571 1244 642 1268 eos.
679 1244 819 1278 quorum
857 1235 1017 1267 intererit.
1059 1244 1101 1266 ex
1141 1232 1396 1278 ‹piilmseuuque
1436 1236 1547 1266 causis
1586 1232 1673 1266 dubii
1705 1233 1757 1266 vel
1788 1233 1989 1268 difficultatis

117 1294 238 1329 futuris
267 1294 472 1342 temporibus
502 1296 595 1328 istius
624 1297 806 1327 occasione
835 1297 945 1327 statuti
986 1297 1175 1328 emerserit.
1215 1298 1352 1339 propter
1395 1294 1481 1338 quod
1527 1305 1591 1328 non
1636 1299 1769 1340 possent
1814 1297 1844 1328 in
1889 1306 1985 1329 mnam

115 1359 323 1391 sentenciam
352 1358 552 1390 convenire.
582 1358 688 1390 eciam
718 1358 744 1389 si
776 1355 898 1389 l'actum
928 1359 1112 1389 concernat
1151 1355 1330 1389 ecclesiam
1369 1358 1474 1388 sancti
1507 1354 1593 1388 Petri
1625 1355 1805 1400 predictam
1837 1367 1896 1401 pro
1926 1368 1986 1389 sun

117 1419 284 1451 interesse
307 1416 436 1461 judicio
465 1416 674 1451 dominorum
715 1419 872 1462 prepositi
917 1421 947 1449 et
978 1416 1111 1461 capituli
1151 1427 1188 1449 se
1226 1415 1430 1450 sulunittant.
1471 1427 1610 1461 (luorum
1648 1416 1914 1450 ‹leclaracioiwm
1955 1422 1984 1450 et

117 1480 324 1512 sentenciam
354 1476 538 1512 observent
567 1477 792 1523 disceptantes
822 1480 1023 1511 inconcusse
1060 1489 1099 1510 ac
1129 1480 1277 1522 ipsorum
1315 1477 1541 1511 declarat-inni
1578 1482 1607 1510 et
1648 1480 1921 1523 interpretacioni
1951 1490 1987 1511 se

118 1537 323 1573 submittant.
354 1537 450 1580 Quod
480 1541 507 1572 si
538 1524 676 1584 utraque
713 1541 860 1584 parcium
900 1538 954 1571 vet
991 1537 1100 1583 aliqua
1141 1538 1203 1571 hoc
1243 1538 1357 1571 faeere
1398 1541 1574 1572 recusarit.
1614 1543 1737 1572 extunc
1775 1550 1792 1570 a
1818 1540 1895 1581 jiire
1925 1539 1986 1572 sibi

118 1611 180 1647 per
207 1603 364 1634 statutum
396 1598 459 1633 boc
487 1602 618 1645 quesito
647 1599 741 1632 cadat
773 1601 845 1645 ipso
875 1599 983 1632 sacto:
1014 1609 1078 1632 non
1108 1603 1156 1632 est
1189 1602 1275 1632 enim
1306 1599 1503 1633 verisimile.
1535 1599 1622 1643 qnod
1655 1603 1698 1632 tot
1726 1602 1787 1632 viri
1814 1611 1873 1645 pro
1895 1599 1986 1633 lucro

120 1671 186 1696 non
217 1659 355 1695 notabili
384 1665 490 1694 metas
518 1659 725 1694 excederent
757 1663 913 1693 racionis.

275 1719 345 1755 Nos
375 1723 476 1766 igitur
503 1721 713 1755 attendentes
742 1721 828 1766 quod
860 1719 946 1753 bone
976 1725 1006 1752 et
1046 1725 1163 1754 sancte
1203 1724 1248 1753 rei
1289 1721 1370 1754 (lare
1407 1721 1580 1754 eonsilium
1611 1725 1640 1753 et
1672 1732 1808 1766 operam
1839 1725 1886 1754 est
1920 1725 1987 1755 vite

118 1784 285 1829 presentis
314 1781 441 1816 babere
477 1781 661 1816 subsidium
699 1786 728 1815 et
769 1787 884 1816 eterne
923 1782 1158 1815 retribucionis
1198 1784 1360 1827 premium
1400 1781 1590 1827 prestolari.
1629 1784 1737 1815 oimiia
1776 1787 1805 1814 et
1843 1783 1983 1821 singula.

117 1848 216 1891 prout
242 1846 397 1890 superius
426 1854 589 1889 expressa
618 1848 692 1877 sunt
722 1844 891 1889 specitiee.
918 1845 1006 1886 justa
1039 1842 1252 1876 racionabitia
1284 1847 1313 1876 et
1346 1846 1538 1876 necessaria
1570 1847 1760 1888 reputantes
1782 1848 1811 1875 et
1835 1843 1984 1888 predicte

117 1905 264 1939 ecclesie
292 1914 422 1939 summe
453 1904 526 1938 fore
555 1907 746 1938 necessaria
778 1905 865 1937 utilia
897 1909 927 1936 et
959 1903 1079 1937 valida.
1119 1907 1273 1948 tanquam
1315 1914 1374 1948 per
1404 1914 1464 1936 uos
1494 1908 1607 1937 esseni
1646 1903 1731 1936 lacta
1771 1903 1921 1936 ordinata
1952 1908 1981 1936 et

117 1970 249 2001 statuta.
279 1976 322 2000 ex
352 1969 444 2000 certa
474 1969 588 1999 nostra
626 1968 771 1998 sciencia
808 1968 1006 1997 ain-toritate
1036 1965 1204 1998 ordinaria
1237 1975 1357 2008 vigore
1389 1967 1599 2010 prescia-iuni
1630 1963 1853 2009 approbamus
1883 1970 1983 1997 anto-

118 2029 263 2062 riznmus
291 2026 494 2061 ratificamus
523 2031 553 2059 et
583 2028 819 2061 contii-munins
858 2038 966 2070 eaque
996 2025 1208 2058 ‹leci-ruimus
1239 2028 1412 2058 statuimus
1443 2036 1517 2058 eum
1549 2025 1701 2058 onmibus
1732 2029 1799 2058 suis
1831 2037 1923 2071 penis
1955 2031 1983 2058 et

116 2090 282 2123 censuris.
311 2098 393 2133 quas
422 2090 527 2121 eciam
560 2088 699 2122 fecimus
730 2091 760 2121 in
792 2088 854 2121 biis
883 2089 1015 2132 seriptis
1045 2091 1075 2118 et
1106 2097 1183 2119 esse
1215 2086 1368 2119 volumus
1398 2089 1570 2131 perpetuis
1600 2086 1804 2131 temporibus
1831 2087 1984 2119 vatitura.

116 2147 154 2184 ln
183 2159 323 2195 quorum
353 2151 577 2182 testimonium
614 2153 644 2181 et
676 2148 777 2182 robur
816 2151 1054 2194 premissorum
1096 2146 1239 2184 simitum
1281 2150 1428 2179 nostrum
1471 2146 1680 2192 presentibus
1710 2152 1757 2180 est
1789 2158 1982 2192 appensum.

117 2208 239 2244 Datum
270 2208 441 2243 Cremsirii
471 2220 561 2243 auno
590 2209 724 2243 domino
756 2210 929 2242 millesimo
959 2208 1294 2252 qna‹trium-ntesimo
1326 2210 1432 2240 terrio
1463 2207 1515 2240 die
1549 2208 1720 2241 undecima
1754 2210 1906 2245 ,timuisti

429 2281 502 2310 (Aua
527 2281 588 2306 fflt'tn
613 2280 708 2305 s'mlex
736 2291 761 2306 ii.
789 2282 848 2304 0:1³1}
875 2290 901 2313 Ιι,
930 2279 988 2304 ¹:15·
1015 2280 1050 2303 iiii
1077 2279 1223 2302 ‘’liiitttzvr
1252 2277 1404 2311 Meirnpul,
1431 2277 1698 2311 s'npitvl-,trebix‘u

993 2424 1100 2459 ⁶272.

121 2495 196 2530 Der
227 2496 402 2530 Olmulzer
424 2496 573 2541 Blarlms
597 2496 711 2529 ΙΛΗΨΙι·
740 2497 895 2529 lwli'emil.
926 2497 1006 2527 alnus
1036 2506 1074 2526 er
1105 2506 1176 2525 rum
1213 2493 1353 2536 ‘'opilo-l
1380 2494 1534 2525 ιΙηκιἸΙιεΙ
1565 2495 1612 2524 &u
1637 2494 1738 2526 ΔΙΙηι-Ιῐ
1766 2495 1985 2537 ιιιωῃιἸιίἸιιίι

634 2557 734 2590 lmlw.
769 2557 825 2590 Ι)Ι.
861 2556 1048 2589 lt'rmnxi'er.
1085 2554 1139 2587 lli.
1176 2554 1310 2595 :lnynxl
1346 2553 1451 2586 l'mli.

274 2615 361 2669 ,xus
399 2635 529 2670 Laczko
565 2637 616 2670 dei
656 2640 770 2674 urm-in
809 2647 986 2682 episcopii„
1023 2634 1258 2666 ttloiiiureii-'is
1301 2643 1580 2672 recognoseuiius
1618 2638 1734 2666 tenore
1774 2645 1982 2678 presencium

118 2700 298 2731 universis.
320 2697 405 2743 quod
429 2696 677 2731 honorabilibus
698 2698 839 2730 ‹tnnum-
861 2697 1004 2742 capitolo
1037 2695 1179 2727 ecelesia·
1203 2698 1316 2726 iio-tre
1339 2694 1572 2727 (ti-›inneeii-*is
1603 2699 1754 2728 tenemur
1783 2700 1811 2725 et
1836 2695 1982 2732 lenitaue
