2347 3153
1275 197 1349 231 :346

375 316 585 351 processum.
623 316 681 338 seu
721 315 836 337 eorum
878 303 932 336 vel
967 304 1039 347 ejus
1069 305 1199 349 copiam
1232 302 1287 335 vel
1317 304 1431 348 copias
1464 305 1494 336 in
1526 307 1592 336 toto
1623 301 1676 335 vel
1708 304 1738 335 in
1769 306 1863 347 parte
1893 306 2009 335 contra
2040 301 2243 347 prefatarum

375 365 543 399 abbatisse
574 371 603 398 et
635 370 822 398 conventus
862 364 1105 410 prim-ipalium.
1136 363 1191 396 vel
1221 365 1293 407 ejus
1322 366 1553 409 procuratoris
1583 363 1801 397 voluntatem.
1831 373 1965 396 exnunc
1995 366 2090 407 prout
2121 366 2246 396 extunc

374 427 522 473 predicta
554 429 715 459 canonica
746 428 936 458 m'onieione
967 427 1129 469 premissa
1160 427 1526 458 exconmninicacionis
1555 427 1762 458 sentenciam
1795 423 1932 457 ferimus
1962 426 1993 456 in
2024 422 2086 456 hiis
2115 425 2247 468 scriptis

375 493 405 521 et
436 490 540 520 eciam
572 486 835 532 promulgamus.
865 490 1041 530 presentes
1073 496 1205 529 quoque
1244 488 1348 518 nostri
1378 496 1560 530 processus
1589 497 1629 518 ac
1658 488 1768 518 onmia
1798 485 1860 518 alia
1891 489 1921 518 et
1952 484 2084 529 singula
2109 485 2185 528 jura
2215 488 2247 517 et

375 552 577 582 munimenta
617 546 805 591 hujusmodi
846 548 1023 589 negocium
1061 548 1308 579 concernencia
1346 546 1500 579 volumus
1531 557 1635 591 penes
1665 545 1771 579 dictas
1802 546 1953 579 dominas
1982 544 2185 579 abbatissam
2216 549 2246 578 et

375 614 578 643 conventum
609 607 809 654 principales
841 607 895 640 vel
925 618 1041 640 eorum
1072 611 1325 652 procuratorem
1356 618 1534 640 remanere
1564 612 1596 640 et
1625 618 1691 640 non
1714 618 1774 652 per
1796 618 1857 640 vos
1887 611 1942 640 aut
1970 606 2114 651 aliquem
2145 605 2245 639 alium

375 675 489 704 contra
522 673 623 715 ipsius
654 669 861 702 dominarum
891 667 1059 701 abbatisse
1081 672 1111 701 et
1133 672 1322 701 conventus
1352 672 1403 701 aut
1435 679 1551 701 earnm
1580 670 1809 713 procuratoris
1827 667 2032 701 voluntatem
2063 665 2246 712 quemlibet

375 732 535 764 detineri:
572 733 774 763 eontrarium
814 740 897 762 vero
935 728 1113 762 facientem
1152 728 1291 774 prefatis
1328 732 1450 762 nostris
1489 731 1672 763 sentenciis
1710 733 1807 774 prout
1841 732 1873 762 in
1902 731 2034 774 scriptis
2063 728 2128 762 late
2157 732 2245 764 sunt.

376 796 447 838 ipso
487 793 574 825 l'aeto
614 791 767 823 volumus
805 789 993 823 subiacere.
1041 789 1239 823 Mandamus
1279 794 1388 823 tamen
1418 793 1548 835 copiam
1580 790 1651 823 fieri
1682 790 1722 824 de
1751 792 1925 836 premissis
1955 800 2027 823 eam
2057 788 2246 835 petentibus

375 859 404 887 et
436 853 561 886 habere
591 850 788 885 debentibus
810 853 998 896 petencium
1024 851 1186 896 siquidem
1217 851 1401 897 sumptibus
1431 856 1461 884 et
1487 854 1658 897 expensis.
1690 850 1956 885 Absolucionem
1984 862 2070 885 vero
2099 853 2246 885 omnium

375 920 405 948 et
435 913 655 951 singulorum.
686 915 739 957 qui
766 912 914 958 prefatas
953 918 1085 946 nostras
1115 915 1308 946 sentencias
1337 917 1392 945 aut
1421 923 1536 945 earum
1567 912 1690 957 aliquid
1723 914 1935 955 incurrerint,
1965 923 2025 946 seu
2054 914 2245 946 incurrerit.

376 974 612 1020 ‹piomiomodo
652 973 746 1007 nobis
785 973 840 1007 vel
879 976 1044 1019 superiori
1084 978 1199 1007 nostro
1240 973 1468 1007 tantummodo
1508 984 1737 1007 reservamus.
1794 972 1829 1006 In
1867 984 2008 1018 quorum
2038 975 2184 1007 omnium
2214 977 2245 1006 et

376 1036 582 1081 singulorum
614 1035 710 1068 iidem
732 1039 762 1068 et
786 1037 1011 1068 testimonium
1034 1037 1275 1079 premissorum
1306 1039 1481 1080 presentes
1510 1035 1625 1068 literas
1655 1045 1714 1068 seu
1745 1044 1887 1080 presens
1918 1033 2084 1080 publicum
2116 1038 2246 1070 instru-

374 1102 518 1131 mentum
559 1096 743 1129 huiusmodi
783 1100 917 1129 nostros
956 1106 1135 1141 processus
1172 1097 1203 1128 in
1242 1106 1278 1128 se
1317 1098 1529 1129 continentes
1568 1107 1627 1129 seu
1664 1099 1841 1129 continens
1871 1095 1994 1130 exinde
2023 1095 2095 1131 fieri
2124 1102 2158 1131 et
2186 1108 2246 1144 per

373 1158 567 1192 llenricum.
614 1160 777 1190 notarium
825 1156 993 1202 publicum
1032 1156 1280 1201 infrascriptum
1317 1156 1482 1190 subscribi
1521 1161 1553 1190 et
1590 1156 1751 1203 publicari
1790 1157 2034 1201 mandavimus,
2073 1162 2245 1205 nostrique

373 1219 470 1263 sigilli
506 1220 667 1262 jussimus
706 1221 888 1263 apensione
929 1220 1139 1251 comnnmiri.
1172 1216 1290 1250 Datum
1321 1216 1429 1251 Rome
1459 1222 1489 1251 in
1521 1218 1620 1252 domo
1649 1222 1764 1252 nostre
1792 1218 1889 1253 solite
1919 1218 2153 1262 habitacionis,
2182 1223 2245 1254 sita

374 1284 402 1313 in
435 1283 576 1323 regione
605 1279 769 1313 Arenule.
800 1278 860 1312 sub
890 1290 976 1312 anno
1007 1290 1024 1311 a
1057 1281 1229 1312 nativitate
1259 1279 1383 1312 domini
1406 1279 1584 1313 millesimo
1605 1279 1938 1324 quadringentesimo
1968 1285 2098 1325 quarto,
2131 1281 2244 1316 indic-

373 1345 468 1375 cione
507 1340 716 1374 duodecima.
757 1340 810 1373 die
849 1351 933 1373 vero
972 1339 1048 1373 lune
1088 1342 1249 1373 vicesima
1288 1340 1435 1373 secunda
1467 1343 1590 1374 mensis
1621 1340 1878 1387 semptembris,
1910 1341 1992 1375 liora
2022 1353 2245 1388 vesperorum

373 1403 425 1436 vel
456 1405 548 1447 quasi
579 1401 789 1447 pontificatus
819 1404 1018 1434 sanctissimi
1053 1404 1083 1434 in
1113 1399 1248 1434 Christo
1278 1404 1381 1446 patris
1420 1405 1451 1434 et
1482 1401 1605 1435 domini
1637 1405 1754 1445 nostri,
1785 1402 1909 1436 domini
1939 1402 2103 1437 Bonifacii
2134 1403 2246 1438 divina

372 1464 591 1509 providencia
622 1474 706 1508 pape
736 1465 814 1496 noni
845 1473 931 1495 anno
952 1465 1065 1507 quinto
1087 1461 1230 1496 decimo.
1262 1462 1474 1507 presentibus
1502 1462 1622 1496 ibidem
1646 1462 1897 1497 honorabilibus
1927 1468 1960 1498 et
1988 1463 2142 1499 discretis
2162 1467 2245 1499 viris

373 1527 542 1569 magistris
577 1523 706 1557 Tlioma
745 1523 829 1557 Mas.
870 1523 1040 1556 literarum
1081 1523 1342 1568 apostolicarum
1381 1526 1547 1569 scriptore
1586 1529 1617 1557 et
1647 1524 1801 1558 Gerardo
1831 1524 1972 1558 Crcmer
2009 1525 2051 1559 de
2088 1524 2245 1560 Embrica

371 1588 457 1619 sacri
488 1585 607 1630 palacii
637 1584 811 1630 apostolici
841 1595 1018 1618 causarum
1048 1587 1191 1618 notario.
1213 1584 1337 1618 clerico
1367 1583 1596 1619 Traiectensis
1626 1585 1783 1627 diocesis
1806 1585 1944 1620 testibus
1974 1585 2038 1620 fide
2067 1586 2176 1632 dignis
2204 1587 2244 1621 ad

374 1649 537 1692 premissa
569 1649 698 1679 vocans
729 1646 921 1691 specialiter
950 1650 982 1678 et
1012 1648 1179 1690 requisitis
1209 1657 1247 1678 ae
1278 1648 1418 1689 rogatis.

529 1706 567 1740 Et
606 1719 671 1752 ego
709 1707 874 1740 ilenricus
913 1705 1113 1740 Braedbeck
1152 1705 1192 1739 de
1232 1705 1414 1740 Dinslaken
1454 1706 1598 1741 clericus
1634 1706 1881 1742 Coloniniensis
1919 1708 2064 1742 diocesis
2093 1707 2245 1754 publicus

371 1768 554 1813 apostolica
584 1770 783 1801 auctoritate
813 1770 962 1801 notarius
992 1772 1054 1801 etc.

698 1839 776 1870 Uria,
804 1839 886 1873 l'erg.
915 1838 963 1863 mit
988 1838 1055 1864 auli.
1082 1838 1141 1869 Siysr,
1167 1839 1202 1862 ini
1231 1838 1362 1863 Briinner
1386 1838 1590 1864 staden-chive
1615 1838 1675 1873 Sig,
1701 1839 1724 1864 N
1763 1840 1784 1866 Ῑ.
1811 1839 1875 1873 24.)

1259 1984 1370 2020 831.

371 2054 467 2087 .le.s'·il··
505 2067 566 2087 rou
608 2055 767 2099 Palma-ee
805 2056 872 2098 (ms
912 2053 1091 2088 Wildsteiu
1133 2054 1325 2099 rerspriclel
1363 2054 1420 2088 bei
1456 2054 1579 2100 Strafe
1619 2066 1681 2088 con
1712 2055 1788 2089 500
1818 2055 1956 2089 Sclzoclu·
1987 2055 2044 2089 Gr.
2085 2056 2149 2090 deu
2187 2057 2246 2089 mil

377 2114 492 2147 [Ἰνίι-Ιι
539 2127 601 2148 ron
647 2115 812 2148 *Venleans
848 2115 1115 2159 qest-hlossenen
1162 2114 1474 2160 ll'asfensle'llslaud
1509 2116 1625 2150 leallen
1665 2128 1705 2149 511
1746 2116 1876 2150 n‘ollen.
1938 2116 1995 2150 Dt.
2049 2115 2243 2152 We’ldstee'u.

1120 2176 1176 2210 12.
1212 2176 1364 2210 October
1397 2177 1506 2211 1004.

539 2235 598 2288 ola
630 2255 723 2289 Jesik
760 2268 776 2288 z
808 2255 965 2301 l’opovee
1004 2256 1152 2289 sedenim
1194 2267 1233 2289 na
1267 2256 1429 2300 Yilstejne
1468 2258 1662 2301 priznavz'im
1701 2256 1829 2290 obecne
1868 2257 1948 2302 pred
1979 2255 2124 2303 kaZdym
2154 2258 2245 2290 nmio

374 2315 492 2348 listem.
531 2316 604 2349 looz
639 2319 686 2360 jej
729 2320 797 2351 uzi-i
839 2317 902 2351 neb
939 2320 1034 2350 etuce
1069 2317 1185 2362 uslysi.
1225 2320 1263 2350 Ze
1303 2319 1448 2363 vstnpnji
1480 2320 1486 2350 i
1518 2317 1639 2362 vstiipil
1669 2329 1738 2350 sem
1770 2328 1807 2350 se
1838 2319 1944 2351 vSemi
1974 2328 2064 2363 syny
2093 2319 2204 2364 svymi
2235 2319 2242 2350 i

373 2376 571 2421 sliizelmilzy
605 2391 609 2410 t
642 2378 845 2424 pomocm'lq¹
876 2382 882 2412 i
916 2378 996 2411 beze
1020 2378 1083 2412 lsti.
1117 2378 1193 2411 ktoZ
1223 2390 1282 2424 pro
1314 2380 1363 2412 me
1394 2378 1460 2411 ehu
1491 2380 1614 2411 uciniti.
1647 2389 1666 2410 v
1698 2381 1802 2423 prave
1831 2389 1852 2411 v
1882 2377 2082 2412 lirestanske
2111 2379 2245 2424 prlmerl

373 2449 386 2470 s
420 2441 600 2482 arom-aym
635 2451 751 2483 panem
784 2439 975 2472 ()ldi·i‹·liem
1015 2451 1031 2472 7.
1064 2439 1194 2472 llradce
1234 2443 1240 2472 i
1271 2451 1285 2472 s
1311 2439 1393 2483 jelio
1424 2438 1627 2485 pomocnlky
1659 2442 1664 2471 i
1696 2438 1893 2485 sanelmllqr
1925 2442 1931 2472 i
1962 2438 2045 2473 bezo
2074 2438 2138 2482 isti,
2168 2437 2245 2473 ktoz

374 2500 454 2542 pron
487 2498 552 2531 etm'
584 2502 705 2533 neiniti.
747 2500 832 2533 nebo
870 2500 1014 2534 necliati.
1053 2501 1092 2533 od
1131 2504 1161 2533 te
1193 2500 1309 2534 nedele
1339 2500 1418 2546 pred
1450 2503 1581 2545 svatj'm
1614 2499 1754 2532 llavlem
1785 2502 1824 2533 az
1854 2500 1894 2533 do
1925 2499 2067 2534 svatebo
2096 2498 2246 2533 Vticlava

375 2561 528 2591 umus-eni
559 2572 574 2591 a
607 2565 657 2592 ten
690 2562 751 2594 den
783 2561 857 2607 eei}v
888 2561 949 2606 pod
970 2564 1050 2594 veru
1082 2574 1098 2594 a
1130 2562 1214 2607 pode
1245 2565 1288 2595 etl
1318 2574 1334 2594 a
1358 2561 1420 2607 pod
1444 2563 1507 2606 peti
1528 2565 1579 2605 siy
1613 2560 1676 2606 kop
1698 2563 1825 2605 grosov
1857 2560 2008 2607 dobrfi'cli
2039 2559 2244 2607 stribrnycb..

374 2619 457 2653 vsalt
489 2620 564 2653 talui
598 2622 745 2655 nmluvii.
778 2622 943 2667 alm-bom
975 2635 989 2655 s
1019 2622 1082 2655 obii
1114 2626 1227 2656 strani'i
1259 2635 1280 2656 v
1312 2628 1376 2656 tom
1408 2625 1486 2655 casn
1509 2635 1527 2653 o
1551 2621 1679 2667 vseeliy
1711 2624 1783 2656 veci
1816 2625 1821 2655 i
1853 2621 1987 2655 neclinti
2019 2621 2116 2667 podle
2145 2620 2246 2655 skat-

376 2680 434 2713 ln'u
473 2685 478 2713 i
521 2681 628 2714 lii-eni.
669 2687 728 2714 «πη,
764 2685 827 2725 jest
871 2683 925 2716 tao
965 2683 1062 2716 liomu
1102 2685 1198 2717 ueinil
1239 2684 1280 2717 do
1320 2687 1349 2716 te
1389 2682 1499 2717 elivile
1539 2685 1656 2716 moene
1688 2686 1693 2716 i
1726 2682 1877 2716 tumet-ne
1908 2683 1998 2728 prisii
2030 2685 2036 2716 i
2068 2682 2133 2716 dali
2162 2692 2242 2727 ssye
