2347 3153
1014 245 1061 278 tt)

93 355 314 396 occupantem
344 349 399 383 vel
429 349 633 383 detinentem
663 361 702 383 ac
742 352 902 384 intrusum
935 350 987 383 vel
1019 349 1251 383 intrudeiulum
1283 352 1313 383 in
1344 349 1462 383 eadem
1494 348 1534 382 ab
1566 352 1635 395 ipsa
1666 349 1812 383 ecelesia
1844 354 1873 381 et
1906 352 1977 383 eius

92 411 292 445 detencione
314 415 344 444 et
375 414 605 457 occupacioue
635 401 809 444 actualiter
839 415 869 444 et
903 422 976 444 cum
1009 410 1129 444 effectu
1172 413 1372 448 amovi-aus.
1403 415 1585 444 amoveant
1623 415 1652 443 et
1680 414 1850 444 amoveat.
1891 421 1975 455 qnos

95 477 125 506 et
155 483 253 518 quein
284 483 346 506 nos
375 475 494 506 eciam.
538 477 695 517 quantum
736 475 766 506 in
797 471 893 505 nobis
932 476 994 509 est„
1034 476 1151 505 tenore
1180 474 1394 518 presencium
1433 483 1633 505 amovemus
1673 476 1701 505 et
1735 471 1975 504 denunciamus

94 537 225 568 amotos
262 539 292 567 et
332 538 478 567 amotum
518 536 666 580 ipsisque
702 533 755 567 vel
781 534 868 568 dicto
899 544 1016 567 eorum
1053 536 1263 579 procuratori
1293 544 1353 567 seu
1391 532 1520 567 sindico
1559 537 1612 566 aut
1644 538 1737 566 certo
1768 535 1891 566 mincio
1917 543 1978 578 pro

98 597 147 630 eis
176 595 218 629 de
258 598 360 641 ipsius
397 596 544 630 ecclesie
581 595 744 630 fructibus
782 594 966 629 redditibus
1009 593 1230 640 proventibus
1262 594 1393 641 juribus
1430 599 1461 627 et
1500 593 1768 627 obvencuiniluis
1808 596 1979 627 universis

97 657 248 703 plenarie.
290 662 321 691 et
365 660 497 702 integre
541 657 773 703 respondeatis
815 660 847 690 et
889 655 1023 701 quilibet
1069 660 1231 692 vestrum.
1272 660 1371 702 prout
1405 655 1445 689 ad
1484 658 1589 701 ipsum
1634 658 1789 701 pertinet.
1830 655 1978 700 plenarie

97 718 299 764 respondeat
329 722 361 751 et
390 718 572 752 satisfaciat
604 723 634 751 et
668 718 767 752 faciat
795 717 836 751 ab
874 717 957 751 aliis.
989 721 1146 762 quantuni
1187 719 1218 750 in
1249 715 1345 751 vobis
1376 716 1487 753 t'ueru.
1523 716 1671 762 plenarie
1712 716 1909 762 responderi
1940 727 1978 748 ae

96 781 185 825 ipsas
214 783 247 813 et
276 778 399 813 dictum
430 791 545 813 earum
577 783 832 825 procuratorem
863 790 923 813 seu
953 778 1116 812 sindicum
1147 782 1203 811 aut
1231 780 1387 811 nuncium
1419 780 1629 823 permittatis.
1672 777 1801 810 faciatis
1831 781 1860 811 et
1893 788 1978 822 pro-

95 843 220 875 curetis
250 845 281 875 et
311 840 450 886 quilibet
480 846 631 875 vestrum
663 843 841 886 permittat.
873 840 973 874 faciat
1002 844 1034 873 ct
1063 844 1221 885 procuret
1260 839 1347 872 dicte
1384 839 1530 872 ecclesie
1564 840 1758 884 juriumque
1797 843 1829 872 et
1868 841 1979 885 perti-

95 905 291 936 nenciarum
322 902 548 948 predictorum
579 902 718 948 paciliea
762 906 794 935 et
824 901 919 948 plena
950 903 1168 947 possessione
1197 900 1361 945 gaudere.
1393 903 1549 946 ipsasque
1578 911 1681 945 super
1717 899 1802 933 dicta
1833 899 1978 933 ecclesia

96 967 127 996 et
158 965 230 997 eius
259 962 421 997 fructibus
452 962 635 997 redditibus
660 962 882 1008 proventibus
898 961 1031 1007 juribus
1052 966 1083 996 et
1103 961 1371 995 obvencionibus
1394 964 1562 995 universis
1584 961 1772 994 indlatenus
1795 961 1978 995 molestetis

97 1035 160 1058 nec
188 1026 387 1071 permittatis
416 1024 518 1070 ipsas.
549 1028 707 1069 quantum
738 1027 769 1057 in
800 1023 897 1058 vobis
927 1024 1038 1061 fucrit,
1067 1035 1084 1057 a
1115 1023 1211 1056 dictis
1240 1025 1412 1068 preposito
1442 1027 1472 1055 et
1499 1022 1643 1068 capitulo
1665 1022 1718 1055 vel
1740 1035 1756 1055 a
1779 1033 1979 1067 quoeunque

96 1085 162 1120 alio
190 1096 251 1120 seu
281 1084 446 1130 aliquibus
483 1085 665 1119 molestari.
696 1084 836 1131 Vosque
875 1085 1027 1119 dominos
1064 1087 1269 1131 prepositum
1308 1088 1339 1117 ct
1370 1083 1548 1129 capitulum
1581 1083 1725 1117 ecclesie
1755 1086 1860 1116 sancti
1893 1083 1978 1116 l'etri

97 1146 267 1193 predictos
296 1151 327 1180 et
358 1147 548 1192 singulares
579 1149 762 1180 canonicos
792 1151 822 1180 et
861 1158 1025 1193 personas
1060 1149 1166 1192 ipsum
1204 1146 1380 1179 actualiter
1418 1157 1478 1192 pro
1518 1157 1606 1179 nunc
1645 1149 1922 1191 representantes
1953 1149 1985 1177 et

95 1219 315 1254 quoscunque
344 1208 428 1242 alios
458 1208 579 1242 dictam
618 1208 797 1242 ecclesiam
838 1211 944 1242 sancti
979 1207 1098 1242 Jacobi
1137 1212 1353 1253 occupantes.
1394 1219 1432 1241 ac
1473 1206 1663 1240 Conradinn
1704 1206 1892 1240 Smer-beck
1932 1210 1984 1239 aut

95 1280 330 1316 quemcunque
360 1269 471 1304 alium.
503 1270 644 1303 eandem
676 1270 856 1304 eeclesiam
888 1274 1003 1303 vestro
1033 1272 1168 1303 nomine
1198 1273 1433 1314 occupantem,
1464 1273 1517 1301 aut
1548 1279 1608 1314 per
1639 1279 1700 1301 vos
1732 1271 1893 1302 intrusum
1924 1278 1983 1301 seu

96 1330 236 1366 forsitan
268 1333 475 1377 inposterum
506 1331 740 1365 intrudcmlinn
772 1334 802 1365 in
834 1331 966 1374 eadem,
996 1333 1090 1364 cuius
1120 1335 1150 1364 et
1182 1341 1322 1375 quorum
1354 1341 1476 1363 nomen
1518 1334 1548 1362 et
1580 1332 1713 1363 nomina
1745 1329 1797 1363 hic
1828 1329 1982 1362 volumus

98 1391 225 1427 habere
253 1404 314 1439 pro
344 1395 531 1438 expressis.
562 1392 660 1426 inodo
699 1397 729 1426 et
767 1392 873 1426 fornia
918 1394 1102 1438 premissis.
1141 1391 1227 1425 dicta
1264 1394 1466 1425 auctoritate
1505 1394 1705 1436 requirimus
1742 1396 1771 1424 et
1810 1402 1984 1424 monemus

99 1456 323 1488 communiter
351 1458 381 1488 ct
412 1454 567 1496 divisim;
598 1453 763 1499 vobisque
794 1453 1031 1487 nichilominus
1061 1457 1093 1486 et
1123 1452 1256 1486 cuilibet
1277 1457 1428 1488 vestrum
1450 1455 1482 1486 in
1504 1455 1626 1486 virtute
1648 1457 1763 1486 sancte
1785 1451 1983 1485 obediencie

98 1519 130 1548 ct
159 1514 222 1549 sub
251 1518 620 1549 excommunicacionis
649 1525 781 1548 necnon
813 1517 1017 1560 privacionis
1048 1513 1289 1548 beneficiorum
1315 1518 1505 1547 vestroruin
1529 1513 1837 1547 ecclesiasticorum
1859 1512 1985 1545 obten-

99 1581 206 1610 torum
236 1580 270 1610 et
297 1576 338 1610 ad
369 1577 420 1610 illa
450 1581 482 1611 ct
512 1569 712 1622 quecunque
738 1576 800 1610 alia
823 1575 985 1609 beneticia
1008 1575 1240 1609 ecclesiastica
1261 1578 1468 1621 inposterum
1491 1574 1670 1608 obtinenda
1694 1573 1984 1608 inlnibilitaciouis.

98 1648 138 1671 ac
166 1639 273 1671 eciam
303 1648 365 1671 sex
396 1637 530 1672 millium
563 1637 767 1671 llorenorum
807 1640 878 1670 auri
920 1636 960 1669 de
992 1636 1152 1681 Fugaria,
1193 1636 1270 1670 boni
1310 1641 1343 1669 et.
1373 1638 1452 1680 justi
1492 1636 1662 1682 ponderis,
1704 1647 1763 1681 pro
1804 1634 1984 1668 medietate

98 1708 234 1732 camere
263 1699 448 1745 apostolice
477 1703 507 1732 et
540 1710 599 1745 pro
638 1699 700 1732 alia
741 1698 900 1732 meditate
939 1698 1034 1731 dietis
1073 1697 1242 1731 abbatisse
1281 1702 1313 1731 et
1348 1699 1530 1731 conventui
1567 1697 1844 1743 applicaiuloriun
1877 1699 1983 1742 penis.

98 1770 182 1805 quas
211 1762 318 1794 eciam
358 1760 490 1795 divisim
528 1772 662 1794 exnunc
703 1765 797 1806 prout
837 1765 961 1794 extunc
999 1764 1026 1791 et
1068 1763 1193 1792 extunc
1237 1762 1333 1804 prout
1376 1769 1512 1791 exnunc
1555 1761 1754 1791 auctoritate
1798 1757 1982 1803 apostolica

98 1820 289 1868 supradicta
320 1824 495 1855 incurrere
526 1822 681 1855 volumus
719 1826 748 1855 et
789 1821 1003 1854 decernimus
1043 1823 1114 1866 ipso
1154 1820 1253 1860 sacto.
1293 1823 1355 1853 nisi
1401 1819 1565 1853 mandatis
1604 1822 1726 1853 nostris
1766 1822 1830 1852 imo
1871 1821 1984 1852 verius

99 1881 294 1929 apostolicis
324 1886 470 1929 pareatis
500 1887 532 1916 ct
562 1882 699 1928 quilibet
730 1887 880 1917 vestrum
913 1887 1027 1928 pareat
1058 1893 1132 1914 cuin
1163 1882 1294 1915 etl'ectu.
1335 1881 1495 1915 Districte
1527 1881 1743 1927 precipiendo
1775 1881 1983 1915 mandamus.

98 1947 263 1989 quatenus
294 1943 378 1978 inl'ra
410 1944 594 1990 predictum
626 1947 815 1978 terminum.
846 1955 944 1989 quem
977 1942 1072 1976 vobis
1103 1947 1131 1975 et
1163 1941 1299 1976 cuilibet.
1328 1947 1477 1976 vestrum
1511 1954 1569 1988 pro
1592 1945 1733 1975 termino
1757 1944 1984 1987 perenqitorio

99 2009 130 2038 et
159 2003 314 2039 omnibus
343 2004 564 2039 dilacionibus
594 2016 633 2038 ac
663 2007 746 2039 trina
778 2008 939 2038 canonica
973 2006 1161 2037 inonicione
1191 2003 1230 2036 ad
1254 2003 1317 2037 boc
1341 2003 1534 2049 preligimns
1556 2008 1585 2036 et
1604 2006 1816 2047 assignamus
1839 2004 1985 2048 presenti

98 2064 160 2099 sub
197 2069 328 2101 tenore.
367 2065 408 2099 ab
446 2069 676 2112 occupacione
720 2071 750 2099 et
794 2066 993 2099 deteneione
1037 2065 1124 2098 dicte
1167 2064 1312 2097 ecclesie
1355 2067 1460 2098 sancti
1502 2063 1618 2097 Jacobi
1659 2076 1697 2097 ac
1741 2067 1977 2096 universorum

100 2125 266 2161 fructuum
296 2126 484 2161 reddituum
517 2132 738 2173 proventuum
765 2129 890 2171 jurium
923 2131 950 2158 et
983 2126 1231 2159 olivi-ticionum
1263 2128 1365 2171 ipsius
1396 2128 1527 2171 penitus
1566 2125 1734 2158 desistatis
1775 2130 1803 2157 et
1845 2124 1983 2157 desistat

98 2186 304 2233 easdemque
333 2187 535 2222 abbatissam
567 2193 597 2221 et
628 2193 832 2222 conventum
866 2188 917 2220 xel
951 2191 1203 2233 procuratorem
1235 2198 1292 2219 seu
1324 2187 1486 2220 sindicuin
1517 2191 1570 2219 aut
1602 2191 1729 2219 cei-tuni
1753 2197 1867 2219 earum
1891 2196 1981 2218 nun-

101 2251 188 2283 cium
219 2259 280 2295 pro
308 2251 358 2283 eis
387 2250 426 2282 ad
458 2250 670 2295 corporalem
703 2249 826 2282 realem
858 2254 887 2281 et
919 2248 1082 2281 actualem
1116 2250 1366 2292 possessionem
1397 2247 1544 2281 ecclesie
1577 2248 1771 2291 juriumqne
1810 2251 1841 2279 et
1873 2248 1982 2291 perti-

100 2311 296 2344 nencinruin
327 2310 552 2356 predictorum
584 2310 711 2355 absque
742 2309 947 2343 difficultate.
980 2309 1264 2341 eontrailiccioiw.
1287 2311 1505 2354 opposicione
1529 2320 1586 2342 sen
1611 2308 1855 2353 impedimentis
1878 2307 1983 2341 libere

101 2369 294 2405 admittatis.
324 2373 481 2416 ipsasque
511 2370 713 2404 abbatissam
744 2375 774 2403 et
805 2375 1009 2404 conventum
1043 2369 1095 2402 vel
1127 2374 1379 2414 procuratori-ni
1411 2381 1468 2402 seu
1500 2370 1662 2402 studii-uin
1693 2369 1876 2401 earundem
1900 2380 1983 2414 per—

101 2434 236 2465 mittatis
257 2436 288 2465 et
321 2435 484 2478 permittat
517 2432 667 2465 eiusdem
699 2432 844 2465 ecclesi·-
877 2431 1012 2477 pai-ilica
1046 2433 1262 2476 possessione
1291 2431 1453 2471 ¹gaudere.
1487 2430 1662 2463 Monenius
1694 2433 1829 2475 insuper
1859 2434 1981 2462 aucto-

99 2494 196 2526 rilale
240 2493 388 2538 predicta
433 2493 532 2526 inodo
579 2498 611 2526 et
660 2492 765 2526 surina
817 2496 988 2538 pre-niissis
1038 2503 1098 2524 xos
1148 2494 1351 2536 prepositum
1400 2496 1431 2524 et
1480 2491 1657 2536 capitulum
1706 2503 1745 2523 ae
1791 2490 1983 2533 singulares·

98 2555 282 2587 canonicos
311 2558 341 2586 et
373 2565 535 2600 personas
566 2554 643 2587 dicti
673 2554 806 2599 capituli
839 2557 944 2599 ipsum
976 2553 1152 2586 actualiter
1183 2558 1471 2598 representantes.
1503 2564 1541 2584 ae
1573 2552 1763 2585 (¹‹niraduin
1796 2550 1983 2585 Sinerlwck

99 2618 131 2647 et
169 2614 252 2648 alios
291 2615 503 2661 supradictos
541 2615 601 2648 sub
653 2619 746 2661 penis
793 2616 948 2660 predicti>
987 2619 1015 2645 et
1058 2613 1117 2646 sul·
1155 2612 1376 2660 infrascriptis
1416 2616 1794 2646 exeoninnnii‹·:n·ioiiis.
1834 2624 1982 2657 suspen-

103 2677 207 2709 sionis
237 2680 267 2708 et
299 2676 463 2709 interdicti
494 2678 740 2709 sentenciaruin
775 2679 879 2721 penis.
911 2686 1042 2708 necnon
1073 2685 1190 2708 omnes
1221 2680 1251 2706 et
1290 2675 1441 2711 singulos
1471 2674 1610 2707 colonos
1640 2676 1835 2707 censuarios
1867 2673 1983 2705 reddi-

107 2739 233 2770 tuarios
263 2737 486 2775 agricultores
524 2737 762 2770 arrendatores
802 2738 1026 2769 decimatores
1065 2740 1260 2781 receptores
1297 2737 1466 2769 lex-:nores
1506 2740 1534 2766 et
1581 2735 1775 2768 detentores
1819 2739 1981 2767 terrarum

1847 2802 1863 2827 7
